2016.09.07 05:00:00.107,1.29935,1.29959,1.00,1.00
2016.09.07 05:00:00.261,1.29936,1.2996,1.00,1.00
2016.09.07 05:00:00.315,1.29936,1.29962,1.00,1.50
2016.09.07 05:00:00.370,1.29933,1.29957,1.00,1.00
2016.09.07 05:00:00.421,1.29933,1.29957,1.00,1.00
2016.09.07 05:00:00.472,1.29936,1.29957,1.00,1.00
2016.09.07 05:00:00.703,1.29932,1.29953,1.00,1.00
2016.09.07 05:00:00.759,1.29936,1.29953,1.00,1.00
2016.09.07 05:00:01.169,1.29931,1.29951,1.00,1.00
2016.09.07 05:00:01.271,1.29931,1.29952,1.50,1.00
2016.09.07 05:00:01.376,1.29931,1.29952,1.00,1.00
2016.09.07 05:00:02.093,1.29932,1.29954,1.00,1.00
2016.09.07 05:00:02.195,1.29932,1.29958,1.00,1.00
2016.09.07 05:00:02.247,1.29932,1.29958,1.00,1.00
2016.09.07 05:00:02.452,1.29932,1.29958,1.00,1.00
2016.09.07 05:00:02.706,1.29934,1.29959,1.00,1.00
2016.09.07 05:00:02.975,1.29931,1.2996,2.25,1.00
2016.09.07 05:00:03.077,1.29933,1.2996,1.00,1.00
2016.09.07 05:00:03.983,1.29932,1.29962,1.00,1.00
2016.09.07 05:00:04.187,1.29932,1.29955,1.00,1.00
2016.09.07 05:00:04.238,1.29932,1.29955,1.00,1.00
2016.09.07 05:00:04.580,1.2993,1.29953,1.50,1.00
2016.09.07 05:00:04.683,1.2993,1.29953,1.00,1.00
2016.09.07 05:00:04.787,1.29929,1.29958,1.50,1.00
2016.09.07 05:00:05.201,1.29931,1.29956,1.00,1.00
2016.09.07 05:00:05.377,1.2993,1.29958,1.00,1.00
2016.09.07 05:00:05.479,1.2993,1.29958,1.50,1.00
2016.09.07 05:00:05.684,1.29932,1.29959,1.00,1.12
2016.09.07 05:00:06.364,1.29932,1.29959,1.00,1.87
2016.09.07 05:00:07.314,1.29932,1.29959,1.00,2.25
2016.09.07 05:00:07.365,1.29932,1.29959,1.00,1.50
2016.09.07 05:00:07.587,1.29932,1.29959,1.00,1.50
2016.09.07 05:00:08.288,1.29932,1.29958,1.00,1.00
2016.09.07 05:00:10.752,1.29932,1.29958,1.00,1.00
2016.09.07 05:00:11.371,1.29932,1.29959,1.00,1.00
2016.09.07 05:00:12.581,1.29936,1.2996,1.00,1.00
2016.09.07 05:00:12.799,1.29939,1.29963,1.00,1.31
2016.09.07 05:00:12.851,1.29939,1.29963,1.00,1.00
2016.09.07 05:00:12.953,1.29939,1.29963,1.00,1.00
2016.09.07 05:00:13.688,1.29939,1.29962,1.00,1.00
2016.09.07 05:00:14.212,1.29936,1.2996,2.25,1.00
2016.09.07 05:00:14.314,1.29936,1.2996,1.50,1.00
2016.09.07 05:00:14.703,1.29936,1.2996,1.00,1.00
2016.09.07 05:00:14.850,1.29935,1.2996,1.00,1.00
2016.09.07 05:00:19.472,1.29936,1.2996,1.00,1.00
2016.09.07 05:00:19.524,1.29936,1.29964,1.00,1.12
2016.09.07 05:00:19.626,1.29941,1.29962,1.00,1.00
2016.09.07 05:00:19.729,1.29938,1.29961,1.00,1.00
2016.09.07 05:00:19.933,1.29936,1.29961,1.00,1.00
2016.09.07 05:00:20.203,1.29935,1.2996,1.00,1.00
2016.09.07 05:00:20.724,1.29936,1.2996,1.00,1.00
2016.09.07 05:00:21.054,1.29936,1.2996,1.00,1.00
2016.09.07 05:00:23.559,1.29936,1.2996,1.00,1.50
2016.09.07 05:00:23.713,1.29936,1.2996,1.00,1.00
2016.09.07 05:00:23.765,1.29936,1.29962,1.00,1.00
2016.09.07 05:00:23.816,1.29934,1.29962,1.00,1.00
2016.09.07 05:00:23.894,1.29939,1.29962,1.00,1.00
2016.09.07 05:00:23.945,1.29939,1.29962,1.00,1.12
2016.09.07 05:00:23.996,1.29936,1.29962,1.00,1.12
2016.09.07 05:00:24.047,1.29936,1.29962,1.00,1.37
2016.09.07 05:00:24.099,1.29935,1.2996,1.00,1.00
2016.09.07 05:00:25.516,1.29931,1.29957,1.50,1.00
2016.09.07 05:00:25.567,1.29931,1.29957,1.00,1.12
2016.09.07 05:00:25.618,1.29926,1.2995,1.00,1.00
2016.09.07 05:00:25.669,1.29925,1.2995,1.00,1.00
2016.09.07 05:00:25.721,1.29922,1.2995,1.12,1.00
2016.09.07 05:00:25.997,1.29922,1.2995,1.12,1.00
2016.09.07 05:00:26.658,1.29923,1.29948,1.00,1.00
2016.09.07 05:00:29.799,1.29925,1.29948,1.00,1.00
2016.09.07 05:00:30.405,1.29926,1.29951,1.00,1.12
2016.09.07 05:00:31.212,1.29926,1.2995,1.50,1.00
2016.09.07 05:00:31.949,1.29926,1.29952,1.50,1.37
2016.09.07 05:00:35.637,1.29926,1.29952,1.50,1.50
2016.09.07 05:00:35.739,1.29926,1.29951,1.00,1.12
2016.09.07 05:00:35.809,1.29928,1.29951,1.00,1.12
2016.09.07 05:00:38.862,1.29926,1.29949,1.00,1.00
2016.09.07 05:00:38.913,1.29925,1.29949,1.00,1.00
2016.09.07 05:00:39.118,1.29923,1.29947,1.00,1.00
2016.09.07 05:00:39.221,1.29921,1.29944,1.50,1.00
2016.09.07 05:00:39.323,1.29924,1.29949,1.00,2.25
2016.09.07 05:00:39.448,1.29925,1.29952,1.00,2.25
2016.09.07 05:00:39.662,1.29927,1.29952,1.00,1.50
2016.09.07 05:00:39.815,1.29925,1.29951,1.00,1.12
2016.09.07 05:00:39.918,1.29922,1.2995,1.50,1.00
2016.09.07 05:00:39.969,1.29922,1.2995,1.50,1.12
2016.09.07 05:00:40.020,1.29925,1.29949,1.00,1.00
2016.09.07 05:00:40.401,1.29926,1.29949,1.00,1.00
2016.09.07 05:00:40.453,1.29926,1.29952,1.50,1.87
2016.09.07 05:00:40.581,1.29926,1.29952,1.50,1.50
2016.09.07 05:00:40.786,1.29926,1.29952,1.00,1.50
2016.09.07 05:00:40.918,1.29926,1.2995,1.00,1.00
2016.09.07 05:00:43.381,1.29926,1.2995,1.50,1.00
2016.09.07 05:00:43.534,1.29926,1.29948,1.00,1.00
2016.09.07 05:00:46.291,1.29925,1.29948,1.00,1.00
2016.09.07 05:00:46.393,1.29925,1.29948,1.00,1.37
2016.09.07 05:00:46.785,1.29924,1.29948,1.00,1.00
2016.09.07 05:00:47.327,1.29923,1.29948,1.00,1.00
2016.09.07 05:00:47.672,1.29923,1.29948,1.00,1.12
2016.09.07 05:00:47.774,1.29923,1.29948,1.00,1.37
2016.09.07 05:00:47.825,1.29923,1.29948,1.00,1.50
2016.09.07 05:00:47.876,1.29921,1.29945,1.00,1.00
2016.09.07 05:00:47.976,1.29921,1.29945,1.00,1.12
2016.09.07 05:00:48.078,1.29921,1.29945,1.00,1.37
2016.09.07 05:00:48.129,1.2992,1.29945,1.00,1.75
2016.09.07 05:00:48.332,1.2992,1.29943,1.00,1.12
2016.09.07 05:00:48.851,1.29919,1.29943,1.00,1.12
2016.09.07 05:00:50.092,1.29919,1.29943,1.00,1.00
2016.09.07 05:00:52.990,1.2992,1.29943,1.00,1.00
2016.09.07 05:00:56.697,1.29919,1.29943,1.00,1.12
2016.09.07 05:00:56.749,1.29917,1.29946,2.25,1.75
2016.09.07 05:00:56.800,1.29917,1.29946,2.25,1.50
2016.09.07 05:00:56.990,1.2992,1.29943,1.00,1.00
2016.09.07 05:00:57.041,1.29918,1.29941,1.00,1.00
2016.09.07 05:00:57.143,1.29916,1.29939,1.00,1.00
2016.09.07 05:00:57.421,1.29916,1.29939,1.50,1.00
2016.09.07 05:00:57.472,1.29916,1.29939,1.50,1.00
2016.09.07 05:00:57.677,1.29916,1.29939,1.00,1.00
2016.09.07 05:00:57.728,1.29916,1.29939,1.00,1.00
2016.09.07 05:00:58.245,1.29917,1.2994,1.00,1.00
2016.09.07 05:00:59.390,1.29914,1.29939,1.00,1.00
2016.09.07 05:00:59.492,1.29912,1.2994,1.00,1.00
2016.09.07 05:00:59.855,1.29914,1.29939,1.00,1.00
2016.09.07 05:01:00.153,1.29911,1.2993,1.87,1.12
2016.09.07 05:01:00.205,1.29911,1.2993,1.00,1.12
2016.09.07 05:01:00.257,1.29904,1.29926,1.37,1.00
2016.09.07 05:01:00.308,1.29904,1.29926,1.00,1.00
2016.09.07 05:01:00.411,1.29902,1.29926,1.00,1.00
2016.09.07 05:01:00.625,1.29902,1.29926,1.00,1.00
2016.09.07 05:01:00.722,1.29902,1.29926,1.00,1.00
2016.09.07 05:01:00.825,1.29902,1.29926,1.00,1.00
2016.09.07 05:01:01.010,1.29903,1.29927,1.00,1.12
2016.09.07 05:01:01.428,1.29903,1.29927,1.00,1.00
2016.09.07 05:01:01.530,1.29903,1.29927,1.00,1.12
2016.09.07 05:01:01.582,1.29902,1.29927,1.00,1.50
2016.09.07 05:01:01.715,1.29901,1.29924,1.00,1.00
2016.09.07 05:01:02.257,1.29901,1.29925,1.00,1.00
2016.09.07 05:01:03.107,1.299,1.29925,1.50,1.00
2016.09.07 05:01:07.523,1.29901,1.29925,1.00,1.00
2016.09.07 05:01:07.575,1.29903,1.29929,1.00,2.25
2016.09.07 05:01:07.712,1.29903,1.29929,1.00,1.87
2016.09.07 05:01:07.763,1.29903,1.29929,1.00,1.00
2016.09.07 05:01:07.865,1.29905,1.2993,1.00,1.12
2016.09.07 05:01:10.210,1.29904,1.29928,1.00,1.00
2016.09.07 05:01:10.386,1.29903,1.29928,1.00,1.37
2016.09.07 05:01:10.489,1.29901,1.29927,1.00,1.50
2016.09.07 05:01:10.540,1.29899,1.29927,2.25,1.50
2016.09.07 05:01:10.592,1.29899,1.29925,1.50,1.00
2016.09.07 05:01:10.644,1.299,1.29925,1.00,1.00
2016.09.07 05:01:10.848,1.299,1.29925,1.00,1.12
2016.09.07 05:01:10.899,1.29901,1.29926,1.00,1.37
2016.09.07 05:01:10.952,1.29901,1.29925,1.00,1.00
2016.09.07 05:01:11.054,1.29901,1.29926,1.00,1.12
2016.09.07 05:01:11.667,1.29901,1.29924,1.00,1.37
2016.09.07 05:01:11.718,1.29901,1.29924,1.00,1.50
2016.09.07 05:01:11.769,1.29901,1.29924,1.00,1.75
2016.09.07 05:01:12.319,1.29899,1.29925,1.00,1.75
2016.09.07 05:01:12.616,1.29899,1.29924,1.00,1.75
2016.09.07 05:01:12.904,1.299,1.29925,1.00,2.25
2016.09.07 05:01:13.007,1.29896,1.29925,2.25,2.25
2016.09.07 05:01:13.164,1.299,1.29925,1.00,2.25
2016.09.07 05:01:13.266,1.299,1.29925,1.50,2.25
2016.09.07 05:01:13.625,1.29901,1.29925,1.00,2.25
2016.09.07 05:01:15.660,1.29901,1.29925,1.00,1.87
2016.09.07 05:01:15.711,1.29901,1.29925,1.00,1.75
2016.09.07 05:01:16.119,1.29906,1.29926,1.00,1.87
2016.09.07 05:01:16.171,1.29906,1.29927,1.00,1.50
2016.09.07 05:01:16.274,1.29906,1.29927,1.00,1.00
2016.09.07 05:01:16.352,1.29906,1.2993,1.00,1.37
2016.09.07 05:01:16.404,1.29906,1.2993,1.50,1.00
2016.09.07 05:01:16.608,1.29906,1.2993,1.50,1.69
2016.09.07 05:01:16.710,1.29906,1.2993,1.50,1.31
2016.09.07 05:01:16.761,1.29906,1.2993,1.00,1.31
2016.09.07 05:01:17.016,1.29903,1.2993,1.00,1.31
2016.09.07 05:01:17.516,1.29904,1.2993,1.00,1.31
2016.09.07 05:01:17.570,1.29904,1.2993,1.00,2.06
2016.09.07 05:01:18.073,1.29903,1.2993,1.00,1.31
2016.09.07 05:01:18.276,1.29905,1.2993,1.00,1.31
2016.09.07 05:01:18.378,1.29909,1.29931,1.00,1.69
2016.09.07 05:01:22.271,1.29909,1.2993,1.00,1.00
2016.09.07 05:01:22.475,1.29911,1.29933,1.00,1.50
2016.09.07 05:01:22.526,1.29912,1.29934,1.00,2.06
2016.09.07 05:01:22.598,1.29913,1.29934,1.00,1.31
2016.09.07 05:01:23.129,1.29913,1.29935,1.00,1.31
2016.09.07 05:01:23.282,1.29913,1.29935,1.00,1.75
2016.09.07 05:01:23.333,1.29913,1.29935,1.00,1.75
2016.09.07 05:01:23.384,1.29913,1.29935,1.00,1.37
2016.09.07 05:01:23.475,1.29913,1.29935,1.00,1.00
2016.09.07 05:01:24.022,1.29914,1.29935,1.00,1.00
2016.09.07 05:01:24.125,1.29913,1.29935,1.00,1.50
2016.09.07 05:01:24.525,1.29913,1.29935,1.00,1.00
2016.09.07 05:01:27.208,1.29912,1.29935,1.00,1.50
2016.09.07 05:01:27.621,1.29911,1.29934,1.50,1.00
2016.09.07 05:01:27.723,1.29911,1.29935,1.00,1.00
2016.09.07 05:01:27.825,1.29913,1.29936,1.00,1.50
2016.09.07 05:01:28.243,1.29913,1.29936,1.00,1.12
2016.09.07 05:01:28.697,1.29912,1.29935,1.00,1.00
2016.09.07 05:01:28.748,1.29912,1.29935,1.00,1.00
2016.09.07 05:01:28.800,1.2991,1.29935,1.00,1.00
2016.09.07 05:01:28.890,1.29913,1.29935,1.00,1.00
2016.09.07 05:01:28.992,1.2991,1.29935,1.00,1.00
2016.09.07 05:01:29.094,1.29913,1.29935,1.00,1.00
2016.09.07 05:01:30.398,1.2991,1.29935,1.00,1.00
2016.09.07 05:01:31.316,1.29908,1.29935,1.00,1.00
2016.09.07 05:01:31.369,1.29911,1.29935,1.00,1.00
2016.09.07 05:01:34.588,1.29911,1.29935,1.00,1.12
2016.09.07 05:01:34.694,1.29911,1.29935,1.00,1.00
2016.09.07 05:01:34.745,1.29911,1.29936,1.00,2.62
2016.09.07 05:01:35.251,1.29908,1.29936,1.00,2.62
2016.09.07 05:01:35.535,1.29907,1.29934,1.00,1.12
2016.09.07 05:01:36.345,1.29908,1.29933,1.00,1.00
2016.09.07 05:01:36.578,1.29908,1.29933,1.00,1.37
2016.09.07 05:01:36.630,1.29908,1.29933,1.00,1.50
2016.09.07 05:01:36.681,1.29908,1.29933,1.00,1.12
2016.09.07 05:01:36.732,1.29908,1.29933,1.00,1.00
2016.09.07 05:01:38.292,1.29908,1.29933,1.00,1.31
2016.09.07 05:01:38.394,1.29908,1.29933,1.00,1.00
2016.09.07 05:01:38.496,1.29908,1.29933,1.00,1.50
2016.09.07 05:01:38.548,1.29909,1.29933,1.00,1.00
2016.09.07 05:01:38.599,1.29911,1.29934,1.00,1.00
2016.09.07 05:01:38.652,1.29911,1.29937,1.00,2.25
2016.09.07 05:01:38.704,1.29911,1.29937,1.50,1.50
2016.09.07 05:01:38.816,1.29911,1.29937,1.00,1.50
2016.09.07 05:01:38.868,1.29915,1.29937,1.00,1.50
2016.09.07 05:01:39.147,1.29915,1.29938,1.00,1.75
2016.09.07 05:01:39.198,1.29912,1.29938,1.00,1.75
2016.09.07 05:01:39.306,1.29911,1.29939,1.00,1.75
2016.09.07 05:01:39.708,1.29913,1.29939,1.00,1.75
2016.09.07 05:01:40.725,1.29912,1.29938,1.50,1.75
2016.09.07 05:01:41.147,1.29914,1.29941,1.00,1.12
2016.09.07 05:01:41.300,1.29916,1.29941,1.00,1.12
2016.09.07 05:01:41.563,1.29914,1.29941,1.00,1.12
2016.09.07 05:01:42.095,1.29916,1.29942,1.00,1.37
2016.09.07 05:01:42.260,1.29916,1.29943,1.00,2.25
2016.09.07 05:01:43.278,1.29914,1.29943,1.00,2.25
2016.09.07 05:01:43.463,1.29916,1.29943,1.00,2.25
2016.09.07 05:01:46.917,1.29916,1.29941,1.00,1.12
2016.09.07 05:01:47.919,1.29916,1.29942,1.00,1.50
2016.09.07 05:01:48.337,1.29916,1.29941,1.00,1.12
2016.09.07 05:01:51.341,1.29916,1.29943,1.50,1.75
2016.09.07 05:01:51.560,1.29916,1.29942,1.50,1.50
2016.09.07 05:01:53.185,1.29916,1.29942,2.25,1.50
2016.09.07 05:01:54.110,1.29916,1.29942,2.62,1.50
2016.09.07 05:01:54.933,1.29916,1.2994,1.87,1.00
2016.09.07 05:01:54.984,1.29915,1.2994,2.25,1.00
2016.09.07 05:01:55.035,1.29915,1.2994,1.50,1.00
2016.09.07 05:01:55.086,1.29915,1.2994,1.00,1.00
2016.09.07 05:01:55.343,1.29915,1.29942,1.00,1.50
2016.09.07 05:01:55.934,1.29916,1.29942,1.00,1.50
2016.09.07 05:01:56.547,1.29916,1.29942,1.00,2.25
2016.09.07 05:01:56.726,1.29916,1.29942,1.00,1.50
2016.09.07 05:01:57.833,1.29916,1.29942,1.00,2.25
2016.09.07 05:01:59.707,1.29916,1.29942,1.00,2.25
2016.09.07 05:01:59.809,1.29916,1.29942,1.00,1.00
2016.09.07 05:01:59.860,1.29917,1.29944,1.00,1.00
2016.09.07 05:02:01.247,1.29918,1.29945,1.00,2.44
2016.09.07 05:02:02.190,1.29918,1.29945,1.00,2.06
2016.09.07 05:02:03.361,1.29918,1.29945,1.00,1.31
2016.09.07 05:02:06.212,1.2992,1.29945,1.00,1.31
2016.09.07 05:02:06.314,1.29922,1.29945,1.00,1.00
2016.09.07 05:02:11.791,1.29922,1.29945,1.00,1.00
2016.09.07 05:02:19.865,1.29922,1.29948,1.00,2.06
2016.09.07 05:02:20.097,1.29922,1.29948,1.00,2.06
2016.09.07 05:02:20.341,1.29922,1.29948,1.00,2.44
2016.09.07 05:02:20.392,1.29923,1.29948,1.00,1.69
2016.09.07 05:02:21.504,1.29924,1.29947,1.00,1.12
2016.09.07 05:02:27.392,1.29923,1.29948,1.00,2.06
2016.09.07 05:02:27.693,1.29919,1.29941,1.00,1.00
2016.09.07 05:02:27.745,1.29917,1.29937,1.37,1.34
2016.09.07 05:02:27.796,1.29917,1.29936,1.00,1.71
2016.09.07 05:02:27.848,1.29913,1.29934,1.00,1.94
2016.09.07 05:02:27.899,1.29908,1.29933,2.25,1.69
2016.09.07 05:02:27.950,1.29908,1.29933,1.00,1.12
2016.09.07 05:02:28.001,1.29908,1.29933,1.00,1.00
2016.09.07 05:02:28.103,1.29911,1.29934,1.00,1.50
2016.09.07 05:02:28.256,1.29911,1.29934,1.00,1.00
2016.09.07 05:02:28.404,1.29914,1.29939,1.00,3.19
2016.09.07 05:02:28.456,1.29914,1.29939,1.00,2.81
2016.09.07 05:02:28.608,1.29914,1.29939,1.00,2.06
2016.09.07 05:02:28.660,1.29914,1.29939,1.00,1.00
2016.09.07 05:02:28.711,1.29917,1.2994,1.00,1.87
2016.09.07 05:02:28.762,1.29917,1.2994,1.00,1.87
2016.09.07 05:02:28.813,1.29917,1.2994,1.00,1.12
2016.09.07 05:02:28.936,1.29918,1.29941,1.00,1.00
2016.09.07 05:02:29.369,1.29918,1.29941,1.00,1.00
2016.09.07 05:02:29.420,1.2992,1.29943,1.00,1.31
2016.09.07 05:02:29.927,1.2992,1.29943,1.00,1.56
2016.09.07 05:02:30.229,1.2992,1.29944,1.00,1.69
2016.09.07 05:02:30.332,1.2992,1.29944,1.00,2.44
2016.09.07 05:02:30.490,1.2992,1.29944,1.00,3.19
2016.09.07 05:02:30.541,1.2992,1.29944,1.00,1.69
2016.09.07 05:02:30.593,1.2992,1.29946,1.00,2.44
2016.09.07 05:02:30.644,1.29923,1.29947,1.00,1.69
2016.09.07 05:02:30.751,1.29923,1.29947,1.00,1.69
2016.09.07 05:02:30.806,1.29921,1.29949,1.50,2.06
2016.09.07 05:02:30.857,1.29921,1.29949,1.00,2.44
2016.09.07 05:02:30.908,1.29921,1.29949,1.00,2.06
2016.09.07 05:02:30.960,1.29921,1.29949,1.50,1.56
2016.09.07 05:02:31.062,1.29922,1.29949,1.00,1.56
2016.09.07 05:02:31.164,1.29922,1.29949,1.00,1.00
2016.09.07 05:02:31.326,1.29922,1.29949,1.00,1.50
2016.09.07 05:02:31.704,1.29923,1.29949,1.00,1.00
2016.09.07 05:02:31.857,1.29923,1.2995,1.00,1.31
2016.09.07 05:02:32.414,1.29922,1.29949,1.00,1.00
2016.09.07 05:02:38.129,1.29922,1.29949,1.00,1.00
2016.09.07 05:02:38.340,1.29922,1.29949,1.50,1.00
2016.09.07 05:02:38.837,1.29924,1.29948,1.00,1.00
2016.09.07 05:02:39.859,1.29924,1.29948,1.00,1.37
2016.09.07 05:02:40.157,1.29924,1.29949,1.00,1.50
2016.09.07 05:02:40.742,1.29924,1.29948,1.00,1.37
2016.09.07 05:02:40.844,1.29924,1.29948,1.00,1.37
2016.09.07 05:02:41.049,1.29924,1.29949,1.00,2.25
2016.09.07 05:02:41.225,1.29924,1.29949,1.00,1.50
2016.09.07 05:02:45.829,1.29923,1.29948,1.00,1.37
2016.09.07 05:02:46.430,1.29923,1.29949,1.00,1.50
2016.09.07 05:02:46.977,1.29922,1.2995,1.50,2.44
2016.09.07 05:02:47.251,1.29922,1.29949,1.50,1.50
2016.09.07 05:02:47.458,1.29923,1.29947,1.00,1.12
2016.09.07 05:02:48.857,1.29922,1.2995,1.00,3.19
2016.09.07 05:02:52.176,1.29922,1.29947,1.00,1.12
2016.09.07 05:02:52.278,1.29923,1.29948,1.00,1.37
2016.09.07 05:02:55.915,1.29923,1.29948,1.00,1.50
2016.09.07 05:03:00.242,1.29923,1.29947,1.00,1.12
2016.09.07 05:03:08.195,1.29922,1.29948,1.00,1.50
2016.09.07 05:03:08.398,1.29922,1.29947,1.00,1.12
2016.09.07 05:03:09.173,1.2992,1.29947,1.50,1.12
2016.09.07 05:03:09.557,1.2992,1.29947,1.00,1.12
2016.09.07 05:03:12.708,1.29922,1.29947,1.00,1.12
2016.09.07 05:03:13.687,1.29924,1.29947,1.00,1.12
2016.09.07 05:03:13.892,1.29926,1.29948,1.00,1.62
2016.09.07 05:03:13.995,1.29928,1.29949,1.00,1.69
2016.09.07 05:03:14.046,1.29928,1.29951,1.00,1.94
2016.09.07 05:03:18.217,1.29929,1.29951,1.00,1.94
2016.09.07 05:03:18.605,1.29929,1.29951,1.00,1.94
2016.09.07 05:03:21.860,1.29929,1.29951,1.00,1.56
2016.09.07 05:03:25.129,1.29928,1.29951,1.00,1.56
2016.09.07 05:03:29.259,1.29928,1.29952,1.00,1.56
2016.09.07 05:03:29.362,1.29928,1.29953,1.00,2.06
2016.09.07 05:03:29.413,1.29928,1.29953,1.00,1.94
2016.09.07 05:03:30.122,1.2993,1.29952,1.00,1.69
2016.09.07 05:03:30.174,1.2993,1.29952,1.00,1.69
2016.09.07 05:03:31.114,1.2993,1.29952,1.00,1.69
2016.09.07 05:03:31.913,1.2993,1.29952,1.00,1.31
2016.09.07 05:03:36.130,1.2993,1.29952,1.00,1.56
2016.09.07 05:03:36.668,1.29929,1.29951,1.00,1.56
2016.09.07 05:03:41.070,1.29927,1.29951,1.00,1.56
2016.09.07 05:03:48.379,1.29927,1.29951,1.00,1.56
2016.09.07 05:03:50.572,1.29927,1.29954,1.00,1.69
2016.09.07 05:03:50.623,1.2993,1.29954,1.00,1.00
2016.09.07 05:03:50.674,1.29935,1.29954,1.00,1.00
2016.09.07 05:03:50.725,1.29935,1.29957,1.00,2.25
2016.09.07 05:03:50.777,1.29936,1.29957,1.00,1.12
2016.09.07 05:03:50.828,1.29936,1.29959,1.00,1.00
2016.09.07 05:03:51.032,1.29936,1.29959,1.50,1.00
2016.09.07 05:03:51.650,1.29936,1.29961,1.50,1.00
2016.09.07 05:03:51.816,1.29936,1.29961,1.00,1.00
2016.09.07 05:03:52.020,1.29935,1.29961,1.00,1.37
2016.09.07 05:03:52.224,1.29935,1.29959,1.00,1.00
2016.09.07 05:03:52.486,1.29935,1.29961,1.00,1.37
2016.09.07 05:03:52.690,1.29935,1.29961,1.00,1.75
2016.09.07 05:03:53.266,1.29935,1.29961,1.00,1.37
2016.09.07 05:03:53.317,1.29935,1.29961,1.00,1.00
2016.09.07 05:03:53.633,1.29931,1.29961,1.87,1.00
2016.09.07 05:03:56.359,1.29935,1.2996,1.00,1.00
2016.09.07 05:03:57.875,1.29932,1.2996,1.00,1.00
2016.09.07 05:03:58.273,1.29932,1.2996,1.00,1.12
2016.09.07 05:03:58.713,1.29932,1.2996,1.00,1.00
2016.09.07 05:03:58.764,1.29937,1.2996,1.00,1.00
2016.09.07 05:03:59.072,1.29936,1.2996,1.00,1.12
2016.09.07 05:03:59.372,1.29936,1.2996,1.00,1.00
2016.09.07 05:03:59.968,1.29936,1.2996,1.00,1.12
2016.09.07 05:04:00.320,1.29936,1.2996,1.00,1.50
2016.09.07 05:04:01.970,1.29936,1.2996,1.00,1.00
2016.09.07 05:04:02.965,1.29937,1.29959,1.00,1.00
2016.09.07 05:04:03.850,1.29939,1.29961,1.00,1.00
2016.09.07 05:04:05.197,1.29938,1.29962,1.00,1.00
2016.09.07 05:04:05.835,1.29938,1.29962,1.00,1.12
2016.09.07 05:04:06.444,1.29939,1.29962,1.00,1.12
2016.09.07 05:04:08.488,1.29943,1.29963,1.00,1.50
2016.09.07 05:04:08.539,1.29943,1.29965,1.00,1.94
2016.09.07 05:04:08.591,1.29941,1.29966,1.50,2.06
2016.09.07 05:04:08.642,1.29941,1.29966,1.00,1.94
2016.09.07 05:04:08.744,1.29943,1.29966,1.00,1.87
2016.09.07 05:04:09.101,1.29946,1.29966,1.00,1.87
2016.09.07 05:04:09.203,1.29941,1.29966,1.00,3.00
2016.09.07 05:04:09.324,1.29941,1.29966,1.00,3.37
2016.09.07 05:04:09.426,1.29941,1.29965,1.00,1.00
2016.09.07 05:04:09.580,1.29941,1.29965,1.00,1.50
2016.09.07 05:04:09.832,1.29941,1.29965,1.00,1.12
2016.09.07 05:04:10.204,1.29941,1.29965,1.00,1.00
2016.09.07 05:04:10.319,1.29941,1.29966,1.00,1.87
2016.09.07 05:04:14.948,1.29941,1.29966,1.00,1.37
2016.09.07 05:04:16.437,1.29942,1.29966,1.00,1.37
2016.09.07 05:04:23.107,1.2994,1.29964,1.00,1.00
2016.09.07 05:04:23.715,1.29941,1.29965,1.00,1.50
2016.09.07 05:04:23.966,1.29941,1.29965,1.00,1.12
2016.09.07 05:04:25.644,1.29939,1.29965,1.00,1.12
2016.09.07 05:04:25.746,1.29938,1.29964,1.00,1.00
2016.09.07 05:04:25.797,1.29938,1.29964,1.00,1.37
2016.09.07 05:04:25.848,1.29938,1.29964,1.00,1.75
2016.09.07 05:04:25.900,1.29938,1.29964,1.00,1.37
2016.09.07 05:04:25.951,1.29938,1.29964,1.00,1.00
2016.09.07 05:04:26.003,1.29938,1.29964,1.00,1.37
2016.09.07 05:04:26.054,1.29938,1.29964,1.00,1.75
2016.09.07 05:04:27.454,1.29938,1.29965,1.00,2.62
2016.09.07 05:04:29.921,1.29936,1.29958,1.00,1.00
2016.09.07 05:04:29.973,1.29932,1.29958,1.00,1.12
2016.09.07 05:04:30.024,1.29931,1.29953,1.00,1.00
2016.09.07 05:04:30.569,1.2993,1.29953,1.00,1.00
2016.09.07 05:04:31.028,1.2993,1.29954,1.00,1.31
2016.09.07 05:04:31.328,1.2993,1.29954,1.00,1.00
2016.09.07 05:04:36.470,1.2993,1.29956,1.00,1.56
2016.09.07 05:04:37.616,1.2993,1.29956,1.00,1.69
2016.09.07 05:04:39.454,1.2993,1.29956,1.00,2.44
2016.09.07 05:04:40.420,1.2993,1.29956,1.00,2.06
2016.09.07 05:04:40.562,1.2993,1.29955,1.00,1.31
2016.09.07 05:04:40.664,1.2993,1.29955,1.00,1.02
2016.09.07 05:04:40.715,1.2993,1.29955,1.00,1.40
2016.09.07 05:04:40.817,1.2993,1.29955,1.00,1.02
2016.09.07 05:04:40.868,1.29927,1.29955,1.12,1.02
2016.09.07 05:04:41.637,1.29927,1.29955,1.12,1.27
2016.09.07 05:04:42.371,1.29929,1.29955,1.00,1.27
2016.09.07 05:04:43.771,1.29932,1.29956,1.00,1.27
2016.09.07 05:04:44.076,1.29934,1.29956,1.00,1.00
2016.09.07 05:04:45.041,1.29933,1.29958,1.00,1.12
2016.09.07 05:04:46.645,1.29933,1.29958,1.00,1.12
2016.09.07 05:04:49.197,1.29933,1.29958,1.00,1.12
2016.09.07 05:04:50.941,1.29933,1.29958,1.00,1.50
2016.09.07 05:04:51.071,1.29932,1.29955,1.00,1.00
2016.09.07 05:04:51.159,1.29931,1.29954,1.00,1.00
2016.09.07 05:04:54.353,1.29931,1.29954,1.50,1.00
2016.09.07 05:04:54.951,1.2993,1.2995,1.00,1.02
2016.09.07 05:04:55.003,1.29926,1.29952,1.50,1.40
2016.09.07 05:04:55.054,1.29926,1.29952,1.00,1.40
2016.09.07 05:04:55.105,1.29926,1.29951,1.00,1.27
2016.09.07 05:04:55.156,1.29926,1.29951,1.00,1.40
2016.09.07 05:04:55.310,1.29926,1.29951,1.00,1.40
2016.09.07 05:04:56.646,1.29926,1.29951,1.00,1.65
2016.09.07 05:04:56.697,1.29926,1.29951,1.00,2.52
2016.09.07 05:04:56.799,1.29926,1.29949,1.00,1.27
2016.09.07 05:04:57.205,1.29926,1.29949,1.00,1.27
2016.09.07 05:04:57.308,1.29926,1.29951,1.00,1.27
2016.09.07 05:04:57.382,1.29926,1.29951,1.00,2.15
2016.09.07 05:04:57.621,1.29926,1.29949,1.00,1.27
2016.09.07 05:04:59.960,1.29924,1.29949,1.00,1.27
2016.09.07 05:05:00.639,1.29924,1.29949,1.00,1.56
2016.09.07 05:05:07.213,1.29924,1.29949,1.00,1.56
2016.09.07 05:05:07.397,1.29924,1.29949,1.00,1.56
2016.09.07 05:05:07.464,1.29924,1.29949,1.00,1.00
2016.09.07 05:05:07.619,1.29924,1.29952,1.00,1.12
2016.09.07 05:05:07.671,1.29924,1.29952,1.00,1.00
2016.09.07 05:05:07.875,1.29924,1.29952,1.00,1.12
2016.09.07 05:05:09.781,1.29925,1.29951,1.00,1.00
2016.09.07 05:05:14.726,1.29925,1.29951,1.50,1.00
2016.09.07 05:05:14.779,1.29926,1.29951,1.00,1.00
2016.09.07 05:05:14.830,1.29926,1.29953,1.00,2.44
2016.09.07 05:05:14.917,1.29926,1.29953,1.00,2.06
2016.09.07 05:05:14.971,1.29931,1.29953,1.00,1.69
2016.09.07 05:05:15.073,1.29926,1.29953,1.00,1.69
2016.09.07 05:05:16.191,1.29926,1.29953,1.00,2.06
2016.09.07 05:05:16.243,1.29926,1.29953,1.00,2.06
2016.09.07 05:05:16.294,1.29926,1.29952,1.00,1.00
2016.09.07 05:05:16.396,1.29926,1.29952,1.00,1.12
2016.09.07 05:05:16.815,1.29926,1.29948,1.00,1.00
2016.09.07 05:05:17.003,1.29925,1.29952,1.50,1.00
2016.09.07 05:05:17.438,1.29926,1.29953,1.00,1.69
2016.09.07 05:05:20.425,1.29929,1.29953,1.00,1.25
2016.09.07 05:05:21.570,1.29929,1.29954,1.00,2.25
2016.09.07 05:05:22.082,1.29931,1.29954,1.00,2.25
2016.09.07 05:05:22.660,1.29931,1.29954,1.00,1.50
2016.09.07 05:05:24.885,1.29929,1.29954,1.00,1.50
2016.09.07 05:05:27.178,1.29929,1.29954,1.00,2.62
2016.09.07 05:05:27.230,1.29927,1.29954,1.00,2.62
2016.09.07 05:05:28.191,1.29927,1.29954,1.00,2.25
2016.09.07 05:05:29.955,1.29927,1.29953,1.00,1.00
2016.09.07 05:05:30.057,1.29928,1.29953,1.00,1.00
2016.09.07 05:05:30.160,1.29928,1.29955,1.00,3.56
2016.09.07 05:05:30.541,1.29927,1.29949,1.00,1.00
2016.09.07 05:05:30.745,1.29927,1.29951,1.00,1.31
2016.09.07 05:05:30.796,1.29927,1.29951,1.00,1.25
2016.09.07 05:05:30.898,1.29927,1.29953,1.00,1.00
2016.09.07 05:05:31.001,1.29926,1.29952,1.50,1.00
2016.09.07 05:05:31.964,1.29926,1.29953,1.50,1.12
2016.09.07 05:05:32.067,1.29927,1.29953,1.00,1.12
2016.09.07 05:05:32.192,1.29927,1.29953,1.00,1.00
2016.09.07 05:05:33.081,1.29927,1.29953,1.00,1.31
2016.09.07 05:05:34.632,1.2993,1.29953,1.00,1.31
2016.09.07 05:05:39.730,1.2993,1.29953,1.00,1.00
2016.09.07 05:05:40.367,1.2993,1.29954,1.00,1.12
2016.09.07 05:05:40.623,1.29928,1.29954,1.00,1.12
2016.09.07 05:05:41.100,1.2993,1.29954,1.00,1.12
2016.09.07 05:05:43.707,1.29928,1.29954,1.00,1.12
2016.09.07 05:05:47.042,1.29928,1.29954,1.00,1.50
2016.09.07 05:05:47.712,1.29928,1.29954,1.00,2.06
2016.09.07 05:05:48.152,1.29928,1.29954,1.00,1.69
2016.09.07 05:05:49.769,1.29927,1.29954,1.00,1.69
2016.09.07 05:05:50.017,1.29928,1.29954,1.00,2.06
2016.09.07 05:05:50.097,1.29928,1.29954,1.00,1.50
2016.09.07 05:05:50.149,1.29927,1.29952,1.00,1.50
2016.09.07 05:05:50.201,1.29926,1.2995,1.50,1.56
2016.09.07 05:05:50.457,1.29926,1.29948,1.00,1.56
2016.09.07 05:05:51.432,1.29926,1.29948,1.00,1.31
2016.09.07 05:05:51.638,1.29926,1.29948,1.00,1.00
2016.09.07 05:05:51.689,1.29924,1.29947,1.00,1.00
2016.09.07 05:05:51.818,1.29924,1.29947,1.00,1.12
2016.09.07 05:05:51.870,1.29921,1.29947,1.00,1.87
2016.09.07 05:05:52.663,1.29921,1.29946,1.00,1.00
2016.09.07 05:05:56.746,1.29918,1.29946,1.00,1.37
2016.09.07 05:05:56.797,1.29919,1.29945,1.00,1.12
2016.09.07 05:05:57.333,1.2992,1.29945,1.00,1.12
2016.09.07 05:06:00.269,1.2992,1.29945,1.00,1.00
2016.09.07 05:06:03.176,1.29919,1.29945,1.00,1.00
2016.09.07 05:06:03.350,1.29919,1.29945,1.00,1.37
2016.09.07 05:06:03.402,1.29917,1.29944,1.00,1.12
2016.09.07 05:06:04.424,1.29917,1.29944,1.00,1.12
2016.09.07 05:06:04.476,1.29917,1.29944,1.00,1.00
2016.09.07 05:06:04.527,1.29921,1.29944,1.00,1.00
2016.09.07 05:06:04.941,1.29917,1.29944,1.00,1.00
2016.09.07 05:06:06.682,1.29917,1.29944,1.00,1.12
2016.09.07 05:06:06.778,1.29917,1.29944,1.00,1.37
2016.09.07 05:06:06.829,1.29921,1.29944,1.00,1.50
2016.09.07 05:06:06.881,1.29921,1.29945,1.00,1.75
2016.09.07 05:06:10.295,1.29921,1.29945,1.00,1.50
2016.09.07 05:06:10.346,1.29921,1.29945,1.00,1.12
2016.09.07 05:06:11.387,1.29921,1.29944,1.00,1.00
2016.09.07 05:06:11.616,1.29921,1.29942,1.00,1.00
2016.09.07 05:06:11.667,1.29918,1.29942,1.00,1.00
2016.09.07 05:06:11.718,1.29917,1.29943,1.00,1.12
2016.09.07 05:06:11.820,1.29916,1.29943,1.50,1.37
2016.09.07 05:06:11.922,1.29916,1.29943,1.50,1.12
2016.09.07 05:06:12.420,1.29916,1.2994,1.00,1.00
2016.09.07 05:06:12.738,1.29915,1.2994,1.50,1.00
2016.09.07 05:06:12.789,1.29915,1.29939,1.00,1.00
2016.09.07 05:06:13.844,1.29914,1.29939,1.00,1.00
2016.09.07 05:06:14.049,1.29915,1.29939,1.00,1.00
2016.09.07 05:06:14.437,1.29914,1.29939,1.00,1.00
2016.09.07 05:06:15.449,1.29915,1.29939,1.00,1.00
2016.09.07 05:06:17.840,1.29915,1.29941,1.00,1.12
2016.09.07 05:06:19.243,1.29914,1.29941,1.00,1.12
2016.09.07 05:06:20.127,1.29917,1.29942,1.00,1.50
2016.09.07 05:06:20.178,1.29917,1.29942,1.00,1.50
2016.09.07 05:06:20.229,1.29922,1.29943,1.00,1.75
2016.09.07 05:06:20.280,1.29922,1.29947,1.00,2.25
2016.09.07 05:06:20.331,1.29922,1.29947,1.00,2.25
2016.09.07 05:06:20.383,1.29922,1.29947,1.00,1.75
2016.09.07 05:06:20.434,1.29924,1.29948,1.00,1.75
2016.09.07 05:06:20.536,1.29924,1.29948,1.00,1.75
2016.09.07 05:06:20.588,1.29924,1.29949,1.00,1.37
2016.09.07 05:06:20.639,1.29924,1.29949,1.00,1.00
2016.09.07 05:06:21.202,1.29925,1.29949,1.00,1.00
2016.09.07 05:06:28.041,1.29921,1.2995,1.00,1.00
2016.09.07 05:06:28.092,1.29921,1.2995,1.00,1.37
2016.09.07 05:06:28.143,1.29921,1.2995,1.00,1.75
2016.09.07 05:06:28.436,1.29922,1.29947,1.00,1.00
2016.09.07 05:06:32.227,1.29922,1.29948,1.00,1.12
2016.09.07 05:06:32.949,1.29925,1.29949,1.00,1.50
2016.09.07 05:06:33.751,1.29921,1.2995,1.00,1.87
2016.09.07 05:06:36.260,1.29925,1.29949,1.00,1.50
2016.09.07 05:06:43.368,1.29921,1.29949,1.50,1.50
2016.09.07 05:06:43.671,1.29926,1.2995,1.00,1.75
2016.09.07 05:06:43.824,1.29927,1.2995,1.00,1.37
2016.09.07 05:06:43.900,1.29927,1.2995,1.00,1.00
2016.09.07 05:06:44.169,1.29926,1.29949,1.00,1.00
2016.09.07 05:06:44.271,1.29921,1.2995,1.12,2.25
2016.09.07 05:06:44.322,1.29921,1.2995,1.12,2.62
2016.09.07 05:06:44.373,1.29921,1.2995,1.00,3.00
2016.09.07 05:06:44.583,1.29921,1.29949,1.00,1.50
2016.09.07 05:06:44.779,1.29922,1.29948,1.00,1.12
2016.09.07 05:06:51.575,1.29922,1.29948,1.00,1.12
2016.09.07 05:06:54.173,1.29926,1.29951,1.00,3.00
2016.09.07 05:06:54.226,1.29926,1.29951,1.00,1.87
2016.09.07 05:06:54.278,1.29926,1.29951,1.00,1.12
2016.09.07 05:06:55.167,1.29926,1.2995,1.00,1.00
2016.09.07 05:06:58.515,1.29926,1.29952,1.00,2.62
2016.09.07 05:06:59.309,1.29926,1.29952,1.00,1.87
2016.09.07 05:07:00.113,1.29926,1.29951,1.00,1.12
2016.09.07 05:07:01.215,1.29929,1.29954,1.00,2.06
2016.09.07 05:07:01.368,1.29929,1.29954,1.00,1.37
2016.09.07 05:07:01.419,1.2993,1.29954,1.00,1.00
2016.09.07 05:07:02.405,1.2993,1.29955,1.00,1.00
2016.09.07 05:07:02.456,1.2993,1.29955,1.00,1.50
2016.09.07 05:07:06.337,1.2993,1.29955,1.00,1.00
2016.09.07 05:07:06.631,1.2993,1.29956,1.00,1.87
2016.09.07 05:07:12.434,1.29931,1.29956,1.00,1.87
2016.09.07 05:07:16.963,1.29931,1.29955,1.00,1.00
2016.09.07 05:07:18.621,1.2993,1.29955,1.50,1.00
2016.09.07 05:07:19.844,1.2993,1.29956,1.50,1.12
2016.09.07 05:07:34.734,1.2993,1.29956,1.00,1.12
2016.09.07 05:07:34.786,1.2993,1.29956,1.00,1.87
2016.09.07 05:07:34.838,1.29928,1.29954,1.00,1.00
2016.09.07 05:07:36.526,1.29929,1.29954,1.00,1.00
2016.09.07 05:07:37.069,1.29929,1.29955,1.00,1.00
2016.09.07 05:07:42.373,1.29928,1.29954,1.00,1.00
2016.09.07 05:07:43.221,1.29928,1.29954,1.00,1.00
2016.09.07 05:07:43.273,1.29928,1.29953,1.00,1.00
2016.09.07 05:07:43.523,1.29926,1.29949,1.12,1.00
2016.09.07 05:07:43.575,1.29926,1.29949,1.00,1.00
2016.09.07 05:07:44.282,1.2992,1.29948,2.62,1.00
2016.09.07 05:07:44.335,1.29918,1.29942,1.75,1.00
2016.09.07 05:07:44.386,1.29918,1.29942,1.00,1.00
2016.09.07 05:07:44.437,1.29916,1.2994,1.50,1.00
2016.09.07 05:07:44.540,1.29918,1.29941,1.00,1.00
2016.09.07 05:07:44.651,1.29918,1.29943,1.00,1.00
2016.09.07 05:07:44.754,1.29917,1.29946,1.00,1.50
2016.09.07 05:07:44.806,1.29917,1.29946,1.00,1.37
2016.09.07 05:07:44.857,1.29917,1.29946,1.00,1.00
2016.09.07 05:07:44.960,1.2992,1.29946,1.00,1.00
2016.09.07 05:07:45.549,1.2992,1.29947,1.00,1.00
2016.09.07 05:07:48.441,1.2992,1.29946,1.00,1.00
2016.09.07 05:07:56.784,1.29921,1.29947,1.00,1.12
2016.09.07 05:07:57.714,1.29921,1.29947,1.00,1.00
2016.09.07 05:07:58.335,1.29921,1.29947,1.50,1.00
2016.09.07 05:07:58.700,1.29922,1.29947,1.00,1.00
2016.09.07 05:08:00.136,1.29922,1.29947,1.00,1.00
2016.09.07 05:08:00.507,1.2992,1.29947,1.50,1.00
2016.09.07 05:08:03.462,1.2992,1.29948,1.50,1.00
2016.09.07 05:08:06.365,1.29922,1.29948,1.00,1.00
2016.09.07 05:08:07.810,1.2992,1.29949,1.00,1.87
2016.09.07 05:08:09.343,1.29921,1.29949,1.00,1.87
2016.09.07 05:08:12.293,1.29921,1.29947,1.50,1.00
2016.09.07 05:08:12.785,1.29921,1.29948,1.00,1.12
2016.09.07 05:08:13.366,1.29921,1.29948,1.00,1.87
2016.09.07 05:08:13.977,1.29921,1.29948,1.00,1.37
2016.09.07 05:08:14.208,1.29921,1.29948,1.00,1.87
2016.09.07 05:08:18.379,1.29921,1.29948,1.00,1.50
2016.09.07 05:08:18.768,1.29921,1.29948,1.00,1.87
2016.09.07 05:08:24.191,1.29921,1.29948,1.00,1.50
2016.09.07 05:08:28.803,1.29928,1.29948,1.00,1.00
2016.09.07 05:08:29.417,1.29928,1.29951,1.00,1.00
2016.09.07 05:08:29.959,1.29928,1.29952,1.00,1.00
2016.09.07 05:08:36.811,1.29928,1.29952,1.00,1.12
2016.09.07 05:08:41.416,1.29928,1.29952,1.00,1.37
2016.09.07 05:08:43.178,1.29928,1.29952,1.00,1.12
2016.09.07 05:08:47.730,1.29928,1.29952,1.00,1.00
2016.09.07 05:08:51.744,1.29928,1.29952,1.00,1.37
2016.09.07 05:09:02.253,1.29928,1.29952,1.00,1.00
2016.09.07 05:09:02.756,1.29927,1.29952,1.00,1.00
2016.09.07 05:09:03.324,1.29927,1.29952,1.00,1.00
2016.09.07 05:09:07.316,1.29927,1.29952,1.00,1.00
2016.09.07 05:09:07.367,1.29928,1.29953,1.00,1.00
2016.09.07 05:09:07.571,1.29927,1.29952,1.00,1.00
2016.09.07 05:09:13.880,1.29931,1.29954,1.00,1.00
2016.09.07 05:09:14.034,1.29931,1.29954,1.00,1.00
2016.09.07 05:09:14.086,1.29933,1.29955,1.00,2.25
2016.09.07 05:09:14.137,1.29933,1.29955,1.00,1.00
2016.09.07 05:09:14.188,1.29933,1.29958,1.00,1.37
2016.09.07 05:09:14.239,1.29933,1.29958,1.00,1.00
2016.09.07 05:09:14.341,1.29935,1.29963,1.00,3.37
2016.09.07 05:09:14.439,1.29935,1.29962,1.00,1.50
2016.09.07 05:09:14.659,1.29935,1.29962,1.00,1.50
2016.09.07 05:09:14.761,1.29935,1.29963,1.00,2.62
2016.09.07 05:09:14.812,1.29935,1.29963,1.00,2.25
2016.09.07 05:09:14.863,1.29935,1.29961,1.00,1.00
2016.09.07 05:09:15.189,1.29936,1.29958,1.00,1.00
2016.09.07 05:09:17.564,1.29935,1.2996,1.00,1.00
2016.09.07 05:09:18.568,1.29934,1.2996,1.00,1.00
2016.09.07 05:09:21.269,1.29934,1.29962,1.00,1.31
2016.09.07 05:09:36.488,1.29936,1.29959,1.00,1.00
2016.09.07 05:09:38.205,1.29935,1.29958,1.00,1.00
2016.09.07 05:09:38.562,1.29935,1.29958,1.00,1.00
2016.09.07 05:09:38.613,1.2993,1.29954,1.37,1.00
2016.09.07 05:09:38.716,1.2993,1.29954,1.00,1.00
2016.09.07 05:09:39.193,1.29926,1.29956,1.50,1.50
2016.09.07 05:09:42.474,1.29926,1.29955,1.50,1.00
2016.09.07 05:10:00.278,1.29926,1.29954,1.50,1.00
2016.09.07 05:10:00.461,1.29926,1.29956,1.50,1.87
2016.09.07 05:10:00.563,1.29925,1.29945,1.50,1.00
2016.09.07 05:10:00.666,1.29925,1.29942,1.12,1.00
2016.09.07 05:10:00.717,1.29921,1.29942,1.00,1.00
2016.09.07 05:10:00.870,1.29918,1.29942,1.00,1.00
2016.09.07 05:10:09.558,1.29919,1.29943,1.00,1.00
2016.09.07 05:10:10.085,1.2992,1.29945,1.00,1.00
2016.09.07 05:10:10.136,1.29922,1.29945,1.00,1.00
2016.09.07 05:10:10.393,1.29922,1.29945,1.00,1.00
2016.09.07 05:10:16.252,1.29921,1.29944,1.00,1.00
2016.09.07 05:10:16.354,1.29921,1.29945,1.50,1.00
2016.09.07 05:10:16.507,1.29921,1.29945,1.00,1.00
2016.09.07 05:10:17.745,1.29921,1.29946,1.00,1.00
2016.09.07 05:10:25.155,1.29921,1.29945,1.00,1.00
2016.09.07 05:11:02.199,1.29919,1.29945,1.00,1.00
2016.09.07 05:11:02.841,1.2992,1.29946,1.00,1.00
2016.09.07 05:11:07.483,1.29919,1.29945,1.00,1.00
2016.09.07 05:11:08.306,1.29921,1.29945,1.00,1.00
2016.09.07 05:11:08.733,1.29918,1.29946,1.12,1.00
2016.09.07 05:11:08.907,1.29921,1.29945,1.00,1.00
2016.09.07 05:11:10.121,1.29918,1.29946,1.12,1.00
2016.09.07 05:11:11.949,1.29921,1.29946,1.00,1.00
2016.09.07 05:11:12.000,1.29921,1.29946,1.50,1.00
2016.09.07 05:11:16.569,1.29921,1.29945,1.50,1.00
2016.09.07 05:11:16.823,1.29921,1.29945,1.00,1.00
2016.09.07 05:11:17.856,1.29921,1.29947,1.00,1.00
2016.09.07 05:11:18.060,1.29921,1.29947,1.00,1.50
2016.09.07 05:11:20.061,1.29921,1.29946,1.00,1.00
2016.09.07 05:11:21.211,1.29917,1.29946,1.12,1.00
2016.09.07 05:11:24.234,1.29919,1.29946,1.00,1.00
2016.09.07 05:11:28.738,1.29919,1.29947,1.00,1.50
2016.09.07 05:11:32.280,1.29919,1.29947,1.00,1.00
2016.09.07 05:11:32.549,1.29919,1.29944,1.00,1.00
2016.09.07 05:11:33.887,1.2992,1.29944,1.00,1.00
2016.09.07 05:11:38.484,1.29922,1.29943,1.00,1.00
2016.09.07 05:11:39.102,1.29916,1.29937,1.00,1.00
2016.09.07 05:11:39.154,1.29913,1.29936,1.75,1.00
2016.09.07 05:11:39.249,1.29913,1.29936,1.37,1.00
2016.09.07 05:11:39.301,1.29913,1.29936,1.00,1.00
2016.09.07 05:11:39.353,1.29913,1.29936,1.00,1.50
2016.09.07 05:11:39.457,1.29912,1.29935,1.00,1.00
2016.09.07 05:11:39.560,1.29912,1.29935,1.00,1.00
2016.09.07 05:11:39.663,1.29912,1.29936,1.00,1.50
2016.09.07 05:11:39.868,1.29911,1.29936,1.00,1.00
2016.09.07 05:11:40.387,1.29911,1.29937,1.00,1.00
2016.09.07 05:11:40.438,1.29911,1.29937,1.50,1.00
2016.09.07 05:11:43.105,1.29911,1.29935,1.00,1.00
2016.09.07 05:11:44.088,1.29911,1.29937,1.50,1.00
2016.09.07 05:11:48.054,1.29911,1.29936,1.50,1.00
2016.09.07 05:11:48.269,1.29911,1.29937,1.50,1.00
2016.09.07 05:11:48.372,1.29911,1.29936,1.00,1.00
2016.09.07 05:11:48.565,1.29911,1.29936,1.50,1.00
2016.09.07 05:11:49.469,1.29911,1.29937,1.50,1.00
2016.09.07 05:11:56.491,1.29913,1.29936,1.00,1.00
2016.09.07 05:11:57.698,1.29914,1.29936,1.00,1.00
2016.09.07 05:11:58.208,1.29911,1.29938,1.00,1.00
2016.09.07 05:11:58.902,1.29912,1.29938,1.00,1.00
2016.09.07 05:12:03.934,1.29913,1.29936,1.00,1.00
2016.09.07 05:12:04.892,1.29912,1.29938,1.00,1.00
2016.09.07 05:12:12.876,1.29912,1.29938,1.00,1.00
2016.09.07 05:12:13.466,1.29912,1.29938,1.00,1.00
2016.09.07 05:12:13.721,1.29912,1.29938,1.00,1.50
2016.09.07 05:12:17.824,1.29911,1.29936,1.87,1.00
2016.09.07 05:12:17.990,1.29911,1.29936,1.12,1.00
2016.09.07 05:12:18.042,1.29912,1.29936,1.00,1.00
2016.09.07 05:12:18.093,1.29912,1.29936,1.00,1.00
2016.09.07 05:12:19.010,1.29912,1.29936,1.00,1.00
2016.09.07 05:12:33.934,1.29912,1.29937,1.00,1.00
2016.09.07 05:12:36.036,1.29912,1.29935,1.00,1.00
2016.09.07 05:12:36.139,1.2991,1.29935,1.00,1.00
2016.09.07 05:12:37.038,1.2991,1.29934,1.00,1.00
2016.09.07 05:12:37.239,1.2991,1.29936,1.00,1.00
2016.09.07 05:12:39.872,1.29909,1.29935,1.00,1.00
2016.09.07 05:12:41.188,1.29909,1.29932,1.00,1.00
2016.09.07 05:12:42.290,1.29907,1.29931,1.50,1.00
2016.09.07 05:12:42.393,1.29907,1.29931,1.50,1.00
2016.09.07 05:12:42.642,1.29907,1.29931,1.50,1.00
2016.09.07 05:12:42.747,1.29907,1.29931,2.25,1.00
2016.09.07 05:12:43.384,1.29907,1.29931,1.50,1.00
2016.09.07 05:12:44.733,1.29907,1.29931,1.50,1.00
2016.09.07 05:12:48.457,1.29907,1.29931,2.25,1.00
2016.09.07 05:12:51.152,1.29907,1.29931,1.50,1.00
2016.09.07 05:12:51.851,1.29907,1.29931,2.25,1.00
2016.09.07 05:12:59.877,1.29907,1.29931,1.12,1.00
2016.09.07 05:12:59.995,1.29907,1.29931,1.00,1.00
2016.09.07 05:13:08.834,1.29907,1.29931,1.00,1.00
2016.09.07 05:13:08.911,1.29905,1.29932,1.12,1.00
2016.09.07 05:13:09.013,1.29905,1.29932,1.87,1.00
2016.09.07 05:13:13.186,1.29905,1.29932,2.62,1.00
2016.09.07 05:13:13.237,1.29911,1.29935,1.00,1.00
2016.09.07 05:13:13.288,1.29911,1.29935,1.50,1.00
2016.09.07 05:13:13.359,1.29913,1.29935,1.00,1.00
2016.09.07 05:13:16.240,1.29911,1.29935,1.37,1.00
2016.09.07 05:13:17.817,1.2991,1.29935,3.00,1.00
2016.09.07 05:13:18.040,1.29912,1.29937,1.12,1.00
2016.09.07 05:13:18.143,1.29911,1.29935,1.87,1.00
2016.09.07 05:13:18.194,1.29911,1.29935,1.37,1.00
2016.09.07 05:13:18.246,1.29913,1.29935,1.00,1.00
2016.09.07 05:13:18.349,1.29912,1.29934,1.12,1.00
2016.09.07 05:13:19.326,1.29911,1.29934,1.37,1.00
2016.09.07 05:13:19.434,1.2991,1.29933,2.25,1.00
2016.09.07 05:13:19.485,1.2991,1.29933,1.87,1.00
2016.09.07 05:13:19.536,1.2991,1.29932,1.37,1.00
2016.09.07 05:13:19.643,1.2991,1.29932,1.00,1.00
2016.09.07 05:13:19.747,1.29911,1.29933,1.00,1.00
2016.09.07 05:13:19.850,1.29911,1.29936,1.50,1.50
2016.09.07 05:13:19.953,1.29911,1.29936,1.00,1.00
2016.09.07 05:13:20.055,1.29911,1.29936,1.50,1.00
2016.09.07 05:13:20.158,1.29911,1.29937,1.00,1.00
2016.09.07 05:13:20.336,1.29908,1.29937,1.87,1.00
2016.09.07 05:13:20.438,1.29913,1.29936,1.00,1.00
2016.09.07 05:13:21.055,1.29913,1.29935,1.00,1.00
2016.09.07 05:13:22.139,1.29913,1.29936,1.00,1.00
2016.09.07 05:13:22.241,1.29912,1.29936,1.12,1.00
2016.09.07 05:13:22.481,1.29912,1.29936,1.12,1.00
2016.09.07 05:13:22.533,1.29911,1.29936,1.50,1.00
2016.09.07 05:13:22.962,1.29911,1.29936,1.50,1.00
2016.09.07 05:13:23.163,1.29913,1.29936,1.00,1.00
2016.09.07 05:13:26.373,1.29912,1.29936,1.12,1.00
2016.09.07 05:13:26.653,1.29911,1.29936,1.50,1.00
2016.09.07 05:13:26.755,1.29911,1.29936,2.25,1.00
2016.09.07 05:13:27.176,1.29911,1.29936,1.50,1.00
2016.09.07 05:13:27.278,1.29912,1.29936,1.12,1.00
2016.09.07 05:13:28.538,1.29912,1.29936,1.12,1.00
2016.09.07 05:13:30.160,1.29914,1.29938,1.00,1.00
2016.09.07 05:13:31.191,1.29914,1.29937,1.00,1.00
2016.09.07 05:13:31.767,1.29912,1.29936,1.12,1.00
2016.09.07 05:13:31.963,1.29916,1.29936,1.00,1.00
2016.09.07 05:13:32.068,1.29912,1.29936,1.12,1.00
2016.09.07 05:13:32.476,1.29911,1.29937,2.25,1.00
2016.09.07 05:13:35.266,1.29911,1.29936,2.25,1.00
2016.09.07 05:13:35.368,1.29911,1.29936,1.50,1.00
2016.09.07 05:13:35.550,1.29911,1.29936,2.25,1.00
2016.09.07 05:13:38.583,1.29911,1.29935,1.50,1.00
2016.09.07 05:13:38.686,1.29916,1.29941,1.50,1.00
2016.09.07 05:13:38.737,1.29916,1.29942,2.25,1.00
2016.09.07 05:13:38.788,1.29917,1.29944,1.00,1.37
2016.09.07 05:13:38.942,1.29917,1.29946,1.00,1.75
2016.09.07 05:13:38.994,1.29917,1.29946,1.00,1.75
2016.09.07 05:13:39.045,1.29917,1.29946,1.87,1.00
2016.09.07 05:13:39.204,1.29918,1.29946,1.12,1.00
2016.09.07 05:13:39.256,1.29919,1.29946,1.00,1.00
2016.09.07 05:13:39.591,1.29919,1.29947,1.50,1.00
2016.09.07 05:13:40.107,1.2992,1.29947,1.00,1.00
2016.09.07 05:13:40.311,1.29919,1.29948,1.50,1.00
2016.09.07 05:13:40.715,1.29919,1.29948,1.00,1.00
2016.09.07 05:13:40.766,1.29921,1.29948,1.00,1.00
2016.09.07 05:13:40.919,1.29921,1.29949,1.50,1.69
2016.09.07 05:13:41.326,1.29922,1.29949,1.00,1.69
2016.09.07 05:13:41.881,1.29922,1.29949,1.00,1.69
2016.09.07 05:13:42.131,1.29922,1.29948,1.00,1.00
2016.09.07 05:13:42.888,1.2992,1.2995,1.50,3.19
2016.09.07 05:13:43.000,1.29921,1.29949,1.00,1.12
2016.09.07 05:13:43.888,1.29921,1.29949,1.50,1.12
2016.09.07 05:13:43.939,1.29922,1.29949,1.00,1.12
2016.09.07 05:13:44.041,1.29922,1.29949,1.00,1.00
2016.09.07 05:13:44.406,1.29922,1.29951,1.00,1.00
2016.09.07 05:13:44.605,1.29924,1.2995,1.00,1.00
2016.09.07 05:13:48.116,1.29923,1.2995,1.00,1.00
2016.09.07 05:13:49.099,1.29923,1.29949,1.00,1.00
2016.09.07 05:13:49.425,1.29924,1.29951,1.00,1.00
2016.09.07 05:13:49.476,1.29925,1.29951,1.00,1.00
2016.09.07 05:13:49.629,1.29926,1.29952,1.12,1.00
2016.09.07 05:13:49.783,1.29926,1.29952,1.12,1.00
2016.09.07 05:13:53.021,1.29928,1.29951,1.00,1.00
2016.09.07 05:13:54.020,1.29929,1.29951,1.00,1.00
2016.09.07 05:13:58.147,1.29928,1.2995,1.00,1.00
2016.09.07 05:13:58.686,1.29927,1.29949,1.00,1.00
2016.09.07 05:13:58.839,1.29926,1.29949,1.12,1.00
2016.09.07 05:13:59.254,1.29926,1.29949,1.12,1.00
2016.09.07 05:13:59.571,1.29925,1.29948,1.37,1.00
2016.09.07 05:14:00.792,1.29923,1.2995,2.25,1.00
2016.09.07 05:14:03.158,1.29924,1.29948,1.50,1.00
2016.09.07 05:14:03.694,1.29924,1.29948,2.25,1.00
2016.09.07 05:14:07.708,1.29924,1.29943,1.50,1.00
2016.09.07 05:14:07.760,1.29924,1.29943,1.12,1.00
2016.09.07 05:14:07.811,1.29921,1.29944,1.50,1.00
2016.09.07 05:14:07.914,1.29921,1.29943,1.00,1.00
2016.09.07 05:14:08.017,1.29918,1.29943,1.37,1.00
2016.09.07 05:14:08.119,1.29921,1.29943,1.00,1.00
2016.09.07 05:14:08.650,1.29921,1.29942,1.00,1.00
2016.09.07 05:14:08.701,1.29922,1.29946,1.00,1.00
2016.09.07 05:14:08.752,1.29924,1.29948,1.00,1.00
2016.09.07 05:14:08.803,1.29927,1.29951,1.00,1.12
2016.09.07 05:14:08.879,1.29927,1.29951,1.00,1.00
2016.09.07 05:14:09.596,1.29927,1.29953,1.00,1.00
2016.09.07 05:14:09.698,1.29926,1.29952,1.12,1.00
2016.09.07 05:14:09.902,1.29926,1.29952,1.12,1.00
2016.09.07 05:14:13.232,1.29926,1.29952,1.12,1.00
2016.09.07 05:14:14.605,1.29926,1.29952,1.87,1.00
2016.09.07 05:14:16.401,1.29926,1.29952,1.87,1.12
2016.09.07 05:14:16.452,1.29926,1.29952,1.87,1.50
2016.09.07 05:14:16.858,1.29926,1.29952,1.87,1.12
2016.09.07 05:14:16.910,1.29926,1.29952,1.87,1.00
2016.09.07 05:14:17.020,1.29926,1.29952,1.87,1.37
2016.09.07 05:14:17.071,1.29926,1.29952,1.87,1.75
2016.09.07 05:14:17.429,1.29925,1.29951,1.50,1.75
2016.09.07 05:14:17.531,1.29925,1.2995,1.50,1.12
2016.09.07 05:14:17.633,1.29925,1.2995,1.50,1.00
2016.09.07 05:14:18.129,1.29925,1.2995,1.50,1.12
2016.09.07 05:14:18.200,1.29925,1.2995,1.50,1.50
2016.09.07 05:14:19.003,1.29925,1.2995,2.25,1.50
2016.09.07 05:14:19.211,1.29924,1.29951,2.25,1.37
2016.09.07 05:14:19.344,1.29926,1.29951,1.12,1.12
2016.09.07 05:14:24.065,1.29926,1.29951,1.12,1.00
2016.09.07 05:14:28.228,1.29925,1.29951,2.25,1.00
2016.09.07 05:14:28.308,1.29925,1.29951,1.50,1.00
2016.09.07 05:14:32.425,1.29924,1.29951,1.37,1.12
2016.09.07 05:14:32.476,1.29924,1.29951,1.00,1.12
2016.09.07 05:14:34.166,1.29922,1.2995,1.87,1.00
2016.09.07 05:14:37.144,1.29924,1.2995,1.00,1.00
2016.09.07 05:14:37.546,1.29922,1.2995,1.87,1.00
2016.09.07 05:14:39.736,1.29926,1.2995,1.00,1.12
2016.09.07 05:14:40.007,1.29926,1.2995,1.00,1.00
2016.09.07 05:14:44.346,1.29926,1.2995,1.00,1.12
2016.09.07 05:14:44.398,1.29926,1.29951,1.00,1.50
2016.09.07 05:14:44.557,1.29926,1.2995,1.00,1.12
2016.09.07 05:14:44.657,1.29926,1.29951,1.00,1.50
2016.09.07 05:14:44.998,1.29926,1.2995,1.00,1.12
2016.09.07 05:14:45.384,1.29926,1.29951,1.00,1.50
2016.09.07 05:14:45.659,1.29926,1.2995,1.00,1.12
2016.09.07 05:14:46.968,1.29926,1.29949,1.00,1.00
2016.09.07 05:14:47.019,1.29926,1.29949,1.00,1.12
2016.09.07 05:14:47.070,1.29926,1.29951,1.00,2.25
2016.09.07 05:14:47.121,1.29926,1.29951,1.00,1.75
2016.09.07 05:14:47.172,1.29926,1.2995,1.00,1.50
2016.09.07 05:14:47.693,1.29926,1.2995,1.00,1.12
2016.09.07 05:14:48.765,1.29926,1.29951,1.00,1.50
2016.09.07 05:14:49.393,1.29926,1.2995,1.00,1.00
2016.09.07 05:14:49.444,1.29926,1.29951,1.00,1.75
2016.09.07 05:14:50.833,1.29926,1.2995,1.00,1.00
2016.09.07 05:14:53.231,1.29922,1.2995,1.12,1.00
2016.09.07 05:14:54.179,1.29924,1.2995,1.00,1.12
2016.09.07 05:14:54.231,1.29924,1.2995,1.00,1.00
2016.09.07 05:14:54.282,1.29925,1.29951,1.00,1.12
2016.09.07 05:14:54.643,1.29925,1.29951,1.00,1.00
2016.09.07 05:14:55.804,1.29924,1.29951,1.00,1.00
2016.09.07 05:14:55.982,1.29926,1.29951,1.00,1.00
2016.09.07 05:14:56.183,1.29924,1.29951,1.00,1.00
2016.09.07 05:14:56.685,1.29925,1.29952,1.00,1.12
2016.09.07 05:14:56.737,1.29926,1.29952,1.00,1.12
2016.09.07 05:14:56.909,1.29926,1.29951,1.00,1.00
2016.09.07 05:14:57.086,1.29926,1.29952,1.00,1.12
2016.09.07 05:14:57.788,1.29926,1.29951,1.00,1.00
2016.09.07 05:14:57.933,1.29926,1.29951,1.50,1.00
2016.09.07 05:14:58.189,1.29926,1.29952,1.00,1.12
2016.09.07 05:14:58.499,1.29926,1.29951,1.00,1.00
2016.09.07 05:14:58.620,1.29926,1.29952,1.00,1.12
2016.09.07 05:14:59.503,1.29926,1.29951,1.00,1.00
2016.09.07 05:15:00.267,1.29926,1.29952,1.00,1.12
2016.09.07 05:15:00.596,1.29926,1.29951,1.00,1.00
2016.09.07 05:15:00.997,1.29926,1.29952,1.00,1.12
2016.09.07 05:15:01.502,1.29926,1.29951,1.00,1.00
2016.09.07 05:15:01.703,1.29926,1.29952,1.00,1.12
2016.09.07 05:15:02.304,1.29926,1.29951,1.50,1.00
2016.09.07 05:15:02.555,1.29926,1.29951,1.00,1.00
2016.09.07 05:15:03.105,1.29926,1.29952,1.00,1.12
2016.09.07 05:15:03.215,1.29926,1.29951,1.00,1.00
2016.09.07 05:15:03.305,1.29926,1.29951,1.50,1.00
2016.09.07 05:15:04.006,1.29926,1.29951,1.00,1.00
2016.09.07 05:15:04.307,1.29926,1.29952,1.00,1.12
2016.09.07 05:15:04.443,1.29926,1.29951,1.50,1.00
2016.09.07 05:15:04.729,1.29926,1.29951,1.00,1.00
2016.09.07 05:15:04.809,1.29926,1.29951,1.50,1.00
2016.09.07 05:15:04.923,1.29926,1.29951,1.00,1.00
2016.09.07 05:15:05.409,1.29926,1.29951,1.50,1.00
2016.09.07 05:15:05.560,1.29926,1.29952,1.00,1.12
2016.09.07 05:15:05.761,1.29926,1.29951,1.00,1.00
2016.09.07 05:15:05.928,1.29926,1.29951,1.50,1.00
2016.09.07 05:15:06.061,1.29926,1.29952,1.00,1.12
2016.09.07 05:15:06.305,1.29926,1.29952,1.00,1.37
2016.09.07 05:15:06.356,1.29926,1.2995,1.00,1.00
2016.09.07 05:15:07.264,1.29926,1.2995,1.50,1.00
2016.09.07 05:15:07.763,1.29926,1.2995,1.00,1.00
2016.09.07 05:15:08.367,1.29926,1.2995,1.50,1.00
2016.09.07 05:15:08.520,1.29926,1.2995,1.00,1.00
2016.09.07 05:15:09.408,1.29926,1.29951,1.00,1.00
2016.09.07 05:15:09.666,1.29926,1.29952,1.00,1.12
2016.09.07 05:15:10.065,1.29926,1.29951,1.50,1.00
2016.09.07 05:15:10.366,1.29926,1.29951,1.00,1.00
2016.09.07 05:15:10.424,1.29926,1.29951,1.50,1.00
2016.09.07 05:15:10.766,1.29926,1.29952,1.00,1.12
2016.09.07 05:15:11.025,1.29926,1.29951,1.50,1.00
2016.09.07 05:15:11.394,1.29926,1.29951,1.50,1.37
2016.09.07 05:15:11.446,1.29926,1.29952,1.00,1.75
2016.09.07 05:15:11.549,1.29926,1.29952,1.00,2.25
2016.09.07 05:15:11.667,1.29926,1.29951,1.00,1.50
2016.09.07 05:15:12.067,1.29926,1.29951,1.50,1.50
2016.09.07 05:15:12.736,1.29926,1.29952,1.00,1.87
2016.09.07 05:15:12.849,1.29926,1.29951,1.50,1.00
2016.09.07 05:15:12.951,1.29926,1.29952,1.00,1.87
2016.09.07 05:15:13.270,1.29926,1.29951,1.50,1.00
2016.09.07 05:15:13.469,1.29926,1.29952,1.00,1.87
2016.09.07 05:15:13.731,1.29926,1.29951,1.50,1.00
2016.09.07 05:15:13.832,1.29926,1.29951,1.00,1.00
2016.09.07 05:15:13.951,1.29926,1.29952,1.00,1.87
2016.09.07 05:15:14.170,1.29926,1.29952,1.00,1.12
2016.09.07 05:15:14.221,1.29926,1.29953,1.00,1.00
2016.09.07 05:15:14.272,1.29926,1.29953,1.00,1.50
2016.09.07 05:15:14.323,1.29926,1.29953,1.00,1.12
2016.09.07 05:15:14.375,1.29931,1.29953,1.00,1.12
2016.09.07 05:15:14.477,1.29931,1.29955,1.00,1.37
2016.09.07 05:15:14.528,1.29931,1.29955,1.00,1.12
2016.09.07 05:15:14.681,1.29928,1.29955,1.00,1.12
2016.09.07 05:15:14.810,1.29928,1.29955,1.00,1.00
2016.09.07 05:15:14.861,1.29931,1.29957,1.00,1.00
2016.09.07 05:15:14.964,1.29935,1.29959,1.00,1.87
2016.09.07 05:15:15.066,1.29935,1.29959,1.00,1.12
2016.09.07 05:15:15.117,1.29935,1.29959,1.00,1.00
2016.09.07 05:15:15.168,1.29934,1.29959,1.00,1.00
2016.09.07 05:15:15.271,1.29932,1.29959,1.00,1.00
2016.09.07 05:15:15.565,1.29931,1.2996,1.50,1.00
2016.09.07 05:15:15.872,1.29934,1.29959,1.00,1.00
2016.09.07 05:15:15.936,1.29932,1.29959,1.00,1.00
2016.09.07 05:15:16.187,1.29934,1.29959,1.00,1.00
2016.09.07 05:15:16.238,1.29932,1.29959,1.00,1.00
2016.09.07 05:15:16.637,1.29933,1.2996,1.00,1.00
2016.09.07 05:15:16.769,1.29934,1.29959,1.00,1.00
2016.09.07 05:15:16.938,1.29932,1.29959,1.00,1.00
2016.09.07 05:15:17.056,1.29934,1.29959,1.00,1.00
2016.09.07 05:15:17.548,1.29933,1.2996,1.00,1.50
2016.09.07 05:15:17.600,1.29933,1.2996,1.00,1.00
2016.09.07 05:15:18.210,1.29932,1.29961,1.00,1.00
2016.09.07 05:15:18.556,1.29935,1.2996,1.00,1.00
2016.09.07 05:15:19.676,1.29933,1.2996,1.00,1.00
2016.09.07 05:15:20.477,1.29935,1.2996,1.00,1.00
2016.09.07 05:15:21.097,1.29934,1.29961,1.00,1.00
2016.09.07 05:15:21.249,1.29932,1.29961,1.00,1.00
2016.09.07 05:15:21.351,1.29935,1.2996,1.00,1.00
2016.09.07 05:15:21.562,1.29932,1.29961,1.00,1.00
2016.09.07 05:15:22.104,1.29933,1.2996,1.00,1.00
2016.09.07 05:15:22.347,1.29935,1.2996,1.00,1.00
2016.09.07 05:15:22.479,1.29933,1.2996,1.00,1.00
2016.09.07 05:15:22.943,1.29935,1.2996,1.00,1.00
2016.09.07 05:15:22.994,1.29933,1.2996,1.00,1.00
2016.09.07 05:15:23.150,1.29935,1.2996,1.00,1.00
2016.09.07 05:15:23.252,1.29932,1.29961,1.00,1.00
2016.09.07 05:15:23.480,1.29934,1.29961,1.00,1.00
2016.09.07 05:15:24.013,1.29935,1.2996,1.00,1.00
2016.09.07 05:15:24.681,1.29933,1.2996,1.00,1.00
2016.09.07 05:15:25.081,1.29935,1.2996,1.00,1.00
2016.09.07 05:15:25.154,1.29933,1.2996,1.00,1.00
2016.09.07 05:15:26.055,1.29935,1.2996,1.00,1.00
2016.09.07 05:15:26.183,1.29933,1.2996,1.00,1.00
2016.09.07 05:15:26.756,1.29932,1.29961,1.00,1.00
2016.09.07 05:15:27.284,1.29934,1.29961,1.00,1.00
2016.09.07 05:15:27.781,1.29932,1.2996,1.00,1.50
2016.09.07 05:15:27.833,1.29932,1.2996,1.00,1.50
2016.09.07 05:15:27.954,1.29931,1.29954,1.50,1.00
2016.09.07 05:15:28.006,1.29931,1.29954,1.00,1.00
2016.09.07 05:15:28.110,1.29929,1.29952,1.00,1.00
2016.09.07 05:15:28.161,1.2993,1.29955,1.00,1.00
2016.09.07 05:15:28.263,1.29933,1.29955,1.00,1.00
2016.09.07 05:15:28.370,1.29933,1.29957,1.00,1.00
2016.09.07 05:15:31.125,1.29933,1.29957,1.50,1.00
2016.09.07 05:15:31.177,1.29933,1.29959,1.50,1.50
2016.09.07 05:15:31.351,1.29933,1.29959,1.50,2.25
2016.09.07 05:15:32.189,1.29933,1.29959,1.50,1.50
2016.09.07 05:15:33.368,1.29933,1.29959,1.00,1.50
2016.09.07 05:15:34.376,1.29934,1.29959,1.00,1.50
2016.09.07 05:15:40.097,1.29933,1.29959,1.50,1.00
2016.09.07 05:15:40.234,1.29935,1.29959,1.00,1.00
2016.09.07 05:15:41.282,1.29935,1.29959,1.00,1.50
2016.09.07 05:15:43.037,1.29934,1.29959,1.00,1.50
2016.09.07 05:15:43.780,1.29933,1.29959,1.00,1.50
2016.09.07 05:15:46.529,1.29934,1.29959,1.00,1.50
2016.09.07 05:15:46.631,1.29933,1.29959,1.00,1.50
2016.09.07 05:15:46.682,1.29933,1.29959,1.00,1.00
2016.09.07 05:15:46.785,1.29932,1.29962,1.50,1.12
2016.09.07 05:15:46.835,1.29935,1.29961,1.00,1.00
2016.09.07 05:15:46.937,1.29935,1.29961,1.00,1.37
2016.09.07 05:15:46.988,1.29935,1.29961,1.00,1.50
2016.09.07 05:15:48.390,1.29936,1.29961,1.00,1.50
2016.09.07 05:15:55.439,1.29936,1.29961,1.00,1.12
2016.09.07 05:15:55.490,1.29936,1.29961,1.00,1.00
2016.09.07 05:16:00.295,1.29937,1.29962,1.00,1.00
2016.09.07 05:16:00.550,1.29937,1.29962,1.00,1.12
2016.09.07 05:16:00.601,1.29937,1.29962,1.00,1.50
2016.09.07 05:16:02.008,1.29937,1.29962,1.00,1.75
2016.09.07 05:16:02.059,1.29937,1.29961,1.00,1.00
2016.09.07 05:16:02.110,1.29937,1.29962,1.00,1.50
2016.09.07 05:16:02.303,1.29937,1.29962,1.00,1.37
2016.09.07 05:16:02.354,1.29934,1.29962,1.00,1.37
2016.09.07 05:16:02.557,1.29936,1.29963,1.00,2.62
2016.09.07 05:16:03.021,1.29931,1.29957,3.00,1.00
2016.09.07 05:16:03.073,1.29931,1.29957,2.25,1.00
2016.09.07 05:16:03.124,1.29933,1.29958,1.00,1.50
2016.09.07 05:16:03.226,1.29931,1.29958,1.50,1.00
2016.09.07 05:16:03.277,1.29931,1.29959,1.50,1.12
2016.09.07 05:16:03.329,1.29931,1.29959,2.25,1.12
2016.09.07 05:16:03.380,1.29931,1.29959,2.25,1.00
2016.09.07 05:16:03.533,1.29932,1.29959,1.12,1.00
2016.09.07 05:16:03.635,1.29931,1.29959,1.50,1.00
2016.09.07 05:16:04.149,1.29932,1.29959,1.12,1.50
2016.09.07 05:16:04.913,1.2993,1.29959,3.00,1.00
2016.09.07 05:16:05.247,1.29934,1.29959,1.00,1.50
2016.09.07 05:16:06.358,1.29931,1.29959,2.25,1.50
2016.09.07 05:16:06.517,1.29934,1.29959,1.00,1.50
2016.09.07 05:16:06.817,1.2993,1.29959,3.00,1.00
2016.09.07 05:16:07.418,1.29934,1.29959,1.00,1.50
2016.09.07 05:16:08.966,1.29934,1.29959,1.00,1.00
2016.09.07 05:16:10.322,1.2993,1.2996,3.75,1.50
2016.09.07 05:16:10.474,1.29933,1.2996,1.00,1.50
2016.09.07 05:16:10.838,1.2993,1.29957,2.25,1.00
2016.09.07 05:16:10.889,1.2993,1.29957,1.50,1.00
2016.09.07 05:16:11.475,1.2993,1.29957,2.25,1.00
2016.09.07 05:16:11.737,1.2993,1.29956,1.50,1.00
2016.09.07 05:16:11.937,1.2993,1.29956,2.25,1.00
2016.09.07 05:16:12.091,1.2993,1.29956,1.50,1.00
2016.09.07 05:16:15.216,1.2993,1.29956,2.25,1.00
2016.09.07 05:16:15.268,1.29935,1.29962,1.00,1.00
2016.09.07 05:16:15.319,1.29935,1.29962,1.87,1.00
2016.09.07 05:16:15.371,1.29942,1.29964,1.00,1.56
2016.09.07 05:16:15.422,1.29942,1.29964,1.00,1.00
2016.09.07 05:16:15.473,1.29942,1.29969,1.00,1.50
2016.09.07 05:16:15.524,1.29942,1.29969,1.00,1.37
2016.09.07 05:16:15.576,1.29943,1.29972,1.00,2.25
2016.09.07 05:16:15.627,1.29943,1.29972,1.00,2.25
2016.09.07 05:16:15.678,1.29943,1.2997,1.00,1.50
2016.09.07 05:16:15.729,1.29943,1.2997,1.00,1.12
2016.09.07 05:16:15.855,1.29941,1.2997,1.50,1.00
2016.09.07 05:16:15.906,1.29941,1.2997,1.50,1.12
2016.09.07 05:16:15.957,1.29944,1.2997,1.00,1.00
2016.09.07 05:16:16.009,1.29946,1.2997,1.00,1.00
2016.09.07 05:16:16.162,1.29946,1.29971,1.00,1.87
2016.09.07 05:16:16.315,1.29946,1.29971,1.00,1.50
2016.09.07 05:16:16.366,1.29946,1.29973,1.50,2.62
2016.09.07 05:16:16.417,1.29946,1.29973,1.50,1.50
2016.09.07 05:16:16.946,1.29946,1.29973,1.50,2.25
2016.09.07 05:16:17.712,1.29946,1.29973,1.50,2.25
2016.09.07 05:16:17.815,1.29946,1.29973,1.50,2.25
2016.09.07 05:16:18.455,1.29946,1.29973,1.50,1.50
2016.09.07 05:16:19.440,1.29946,1.29973,1.00,1.50
2016.09.07 05:16:20.306,1.29946,1.29973,1.00,2.62
2016.09.07 05:16:20.408,1.29945,1.29973,1.00,2.62
2016.09.07 05:16:22.260,1.29947,1.29972,1.00,1.37
2016.09.07 05:16:22.473,1.29947,1.29972,1.00,1.87
2016.09.07 05:16:23.368,1.29946,1.29972,1.00,1.87
2016.09.07 05:16:25.985,1.29946,1.29972,1.00,2.25
2016.09.07 05:16:26.037,1.29946,1.29969,1.00,1.56
2016.09.07 05:16:26.089,1.29942,1.29963,1.00,1.00
2016.09.07 05:16:26.193,1.29939,1.29962,1.00,1.00
2016.09.07 05:16:26.244,1.29937,1.29962,1.00,1.00
2016.09.07 05:16:26.296,1.29936,1.29963,1.00,1.00
2016.09.07 05:16:26.398,1.29935,1.29963,2.25,1.00
2016.09.07 05:16:26.574,1.29935,1.29963,1.50,1.00
2016.09.07 05:16:27.022,1.29935,1.29962,1.50,1.00
2016.09.07 05:16:28.403,1.29935,1.29962,1.00,1.00
2016.09.07 05:16:32.078,1.29933,1.29962,1.50,1.00
2016.09.07 05:16:32.181,1.29936,1.29961,1.00,1.00
2016.09.07 05:16:36.795,1.29936,1.29961,1.00,1.50
2016.09.07 05:16:37.128,1.29936,1.29961,1.00,1.00
2016.09.07 05:16:37.895,1.29935,1.2996,1.00,1.00
2016.09.07 05:16:38.201,1.29933,1.29961,1.00,1.50
2016.09.07 05:16:38.303,1.29936,1.2996,1.00,1.00
2016.09.07 05:16:41.573,1.29934,1.29956,1.00,1.00
2016.09.07 05:16:42.075,1.29933,1.29955,1.00,1.00
2016.09.07 05:16:50.126,1.29931,1.29956,1.00,1.00
2016.09.07 05:16:50.230,1.29931,1.29956,1.50,1.00
2016.09.07 05:16:50.331,1.29931,1.29954,1.00,1.00
2016.09.07 05:16:50.484,1.29933,1.29958,1.00,1.00
2016.09.07 05:16:50.699,1.29936,1.29958,1.00,1.00
2016.09.07 05:16:51.190,1.29938,1.2996,1.00,1.00
2016.09.07 05:16:56.740,1.29938,1.29959,1.00,1.00
2016.09.07 05:16:56.944,1.29936,1.2996,1.00,1.00
2016.09.07 05:16:57.046,1.29933,1.29958,1.00,1.00
2016.09.07 05:16:58.350,1.29931,1.29956,1.00,1.00
2016.09.07 05:16:58.401,1.29936,1.29961,1.00,1.00
2016.09.07 05:16:58.504,1.29937,1.29962,1.00,1.12
2016.09.07 05:16:58.741,1.29937,1.29962,1.00,1.00
2016.09.07 05:16:59.530,1.29938,1.29963,1.00,1.00
2016.09.07 05:16:59.809,1.29938,1.29963,1.00,1.00
2016.09.07 05:17:00.506,1.29938,1.29962,1.00,1.00
2016.09.07 05:17:01.033,1.29939,1.29963,1.00,1.00
2016.09.07 05:17:01.135,1.29939,1.29965,1.00,1.50
2016.09.07 05:17:01.732,1.2994,1.29964,1.00,1.00
2016.09.07 05:17:01.843,1.2994,1.29964,1.00,1.50
2016.09.07 05:17:01.946,1.2994,1.29964,1.00,1.00
2016.09.07 05:17:02.049,1.29935,1.29959,1.00,1.00
2016.09.07 05:17:02.151,1.29932,1.29957,2.25,1.00
2016.09.07 05:17:02.203,1.29932,1.29957,1.75,1.00
2016.09.07 05:17:02.255,1.29932,1.29957,1.00,1.00
2016.09.07 05:17:04.517,1.29932,1.29956,1.00,1.00
2016.09.07 05:17:04.832,1.29931,1.29955,1.50,1.00
2016.09.07 05:17:05.364,1.29931,1.29956,1.50,1.00
2016.09.07 05:17:05.540,1.29931,1.29956,1.00,1.00
2016.09.07 05:17:06.192,1.2993,1.29957,1.00,1.00
2016.09.07 05:17:08.478,1.29929,1.29956,1.00,1.00
2016.09.07 05:17:08.759,1.29929,1.29955,1.00,1.50
2016.09.07 05:17:08.832,1.29928,1.29954,1.12,1.00
2016.09.07 05:17:08.907,1.29927,1.29954,1.50,1.00
2016.09.07 05:17:08.958,1.29927,1.29954,1.00,1.12
2016.09.07 05:17:09.060,1.29929,1.29954,1.00,1.12
2016.09.07 05:17:09.651,1.29928,1.29953,1.00,1.00
2016.09.07 05:17:09.754,1.29929,1.29955,1.00,2.25
2016.09.07 05:17:10.053,1.29929,1.29955,1.00,1.50
2016.09.07 05:17:10.104,1.29929,1.29956,1.00,2.25
2016.09.07 05:17:10.906,1.29929,1.29955,1.00,1.50
2016.09.07 05:17:10.958,1.29927,1.29952,1.00,1.00
2016.09.07 05:17:11.281,1.29929,1.29953,1.00,1.00
2016.09.07 05:17:16.888,1.29928,1.29952,1.00,1.00
2016.09.07 05:17:17.091,1.29927,1.29951,1.12,1.00
2016.09.07 05:17:17.245,1.29927,1.2995,1.12,1.00
2016.09.07 05:17:17.296,1.29926,1.2995,1.00,1.50
2016.09.07 05:17:18.269,1.29925,1.29949,1.00,1.00
2016.09.07 05:17:18.371,1.29922,1.29948,2.62,1.00
2016.09.07 05:17:18.710,1.29922,1.29948,1.87,1.00
2016.09.07 05:17:19.250,1.29924,1.29948,1.00,1.00
2016.09.07 05:17:20.891,1.29925,1.29949,1.00,1.00
2016.09.07 05:17:21.644,1.29925,1.29949,1.50,1.00
2016.09.07 05:17:37.998,1.29925,1.29949,1.00,1.00
2016.09.07 05:17:39.928,1.29925,1.29949,1.12,1.00
2016.09.07 05:17:41.351,1.29925,1.29949,1.87,1.00
2016.09.07 05:17:44.154,1.29925,1.29949,1.12,1.00
2016.09.07 05:17:45.159,1.29926,1.29949,1.00,1.00
2016.09.07 05:17:45.515,1.29925,1.29949,1.12,1.00
2016.09.07 05:17:46.756,1.29926,1.29949,1.00,1.00
2016.09.07 05:17:47.256,1.29925,1.29949,1.12,1.00
2016.09.07 05:17:48.060,1.29926,1.29949,1.00,1.00
2016.09.07 05:17:48.458,1.29925,1.29949,1.12,1.00
2016.09.07 05:17:53.561,1.29927,1.29951,1.00,1.00
2016.09.07 05:18:03.669,1.29925,1.2995,2.25,1.00
2016.09.07 05:18:03.720,1.29925,1.2995,1.50,1.00
2016.09.07 05:18:04.141,1.29926,1.2995,1.12,1.00
2016.09.07 05:18:04.662,1.29926,1.29951,1.12,1.00
2016.09.07 05:18:05.079,1.29925,1.29951,1.50,1.00
2016.09.07 05:18:09.805,1.29925,1.29951,2.25,1.00
2016.09.07 05:18:17.791,1.29926,1.29952,1.12,1.00
2016.09.07 05:18:17.893,1.29925,1.29952,1.50,1.00
2016.09.07 05:18:19.840,1.29925,1.29952,1.37,1.00
2016.09.07 05:18:19.891,1.29925,1.29952,1.12,1.00
2016.09.07 05:18:19.942,1.29924,1.29952,1.37,1.00
2016.09.07 05:18:26.726,1.29924,1.29952,1.87,1.00
2016.09.07 05:18:26.829,1.29924,1.29952,1.37,1.00
2016.09.07 05:18:27.212,1.29924,1.29952,1.37,1.00
2016.09.07 05:18:27.518,1.29924,1.29952,1.87,1.00
2016.09.07 05:18:30.141,1.29924,1.29952,1.37,1.00
2016.09.07 05:18:31.593,1.29925,1.29952,1.12,1.00
2016.09.07 05:18:34.787,1.29925,1.29952,1.12,1.12
2016.09.07 05:18:35.209,1.29925,1.29952,1.12,1.00
2016.09.07 05:18:36.661,1.29925,1.29952,1.12,1.50
2016.09.07 05:18:36.865,1.29925,1.29952,1.12,1.00
2016.09.07 05:18:48.717,1.29925,1.29951,1.12,1.00
2016.09.07 05:18:49.196,1.29926,1.29952,1.00,1.00
2016.09.07 05:18:49.725,1.29924,1.29952,1.87,1.00
2016.09.07 05:18:50.226,1.29927,1.29951,1.00,1.00
2016.09.07 05:18:50.431,1.29925,1.29951,1.12,1.00
2016.09.07 05:18:50.636,1.29926,1.29952,1.00,1.00
2016.09.07 05:18:50.901,1.29924,1.29952,1.87,1.00
2016.09.07 05:18:51.228,1.29925,1.29951,1.12,1.00
2016.09.07 05:18:51.436,1.29926,1.29952,1.00,1.00
2016.09.07 05:18:51.502,1.29925,1.29951,1.12,1.00
2016.09.07 05:18:52.228,1.29924,1.29952,1.87,1.00
2016.09.07 05:18:52.567,1.29926,1.29952,1.00,1.00
2016.09.07 05:18:52.618,1.29925,1.29951,1.12,1.00
2016.09.07 05:18:52.828,1.29924,1.29952,1.87,1.00
2016.09.07 05:18:53.129,1.29927,1.29951,1.00,1.00
2016.09.07 05:18:53.209,1.29925,1.29951,1.12,1.00
2016.09.07 05:18:53.410,1.29927,1.29951,1.00,1.00
2016.09.07 05:18:53.512,1.29925,1.29951,1.87,1.00
2016.09.07 05:18:53.740,1.29927,1.29951,1.00,1.00
2016.09.07 05:18:53.811,1.29925,1.29952,1.12,1.00
2016.09.07 05:18:54.030,1.29927,1.29951,1.00,1.00
2016.09.07 05:18:54.112,1.29925,1.29952,1.12,1.00
2016.09.07 05:18:54.330,1.29927,1.29951,1.00,1.00
2016.09.07 05:18:54.713,1.29925,1.29951,1.87,1.00
2016.09.07 05:18:54.831,1.29927,1.29951,1.00,1.00
2016.09.07 05:18:55.031,1.29925,1.29951,1.87,1.00
2016.09.07 05:18:55.114,1.29927,1.29951,1.00,1.00
2016.09.07 05:18:55.415,1.29925,1.29951,1.87,1.00
2016.09.07 05:18:56.517,1.29926,1.29952,1.00,1.00
2016.09.07 05:18:57.020,1.29925,1.29951,1.87,1.00
2016.09.07 05:18:57.350,1.29927,1.29951,1.00,1.00
2016.09.07 05:18:57.519,1.29925,1.29951,1.87,1.00
2016.09.07 05:18:57.934,1.29926,1.29952,1.00,1.00
2016.09.07 05:18:58.222,1.29925,1.29951,1.87,1.00
2016.09.07 05:18:58.324,1.29926,1.29952,1.00,1.00
2016.09.07 05:18:58.670,1.29925,1.29951,1.87,1.00
2016.09.07 05:18:59.032,1.29927,1.29951,1.00,1.00
2016.09.07 05:18:59.135,1.29925,1.29952,1.12,1.00
2016.09.07 05:18:59.762,1.29926,1.29952,1.00,1.00
2016.09.07 05:18:59.864,1.29925,1.29952,1.87,1.00
2016.09.07 05:18:59.916,1.29925,1.29952,2.25,1.00
2016.09.07 05:19:00.632,1.29925,1.29951,3.00,1.00
2016.09.07 05:19:01.133,1.29926,1.29952,1.50,1.00
2016.09.07 05:19:04.972,1.29928,1.29952,1.00,1.00
2016.09.07 05:19:06.887,1.29929,1.29953,1.00,1.00
2016.09.07 05:19:06.989,1.2993,1.29956,1.00,1.00
2016.09.07 05:19:07.091,1.29933,1.29957,1.00,1.00
2016.09.07 05:19:07.752,1.29933,1.2996,1.00,2.25
2016.09.07 05:19:07.854,1.29933,1.29959,1.00,1.00
2016.09.07 05:19:08.074,1.29935,1.29959,1.00,1.50
2016.09.07 05:19:08.278,1.29937,1.2996,1.00,1.00
2016.09.07 05:19:08.329,1.29937,1.29961,1.00,1.00
2016.09.07 05:19:08.482,1.29939,1.29965,1.00,2.81
2016.09.07 05:19:08.788,1.2994,1.29962,1.00,1.00
2016.09.07 05:19:13.202,1.29942,1.29967,1.00,1.50
2016.09.07 05:19:13.591,1.29942,1.29967,1.00,1.00
2016.09.07 05:19:15.162,1.29942,1.29967,1.00,1.00
2016.09.07 05:19:15.461,1.29942,1.29967,1.00,1.00
2016.09.07 05:19:16.663,1.29942,1.29967,1.00,1.00
2016.09.07 05:19:16.772,1.29941,1.29967,1.87,1.00
2016.09.07 05:19:18.463,1.29941,1.29967,1.12,1.00
2016.09.07 05:19:19.309,1.29941,1.29965,1.12,1.00
2016.09.07 05:19:19.411,1.29942,1.29966,1.00,1.00
2016.09.07 05:19:19.462,1.29942,1.29969,1.00,1.12
2016.09.07 05:19:19.583,1.29946,1.2997,1.00,1.00
2016.09.07 05:19:19.637,1.29947,1.29973,1.00,1.37
2016.09.07 05:19:19.688,1.29947,1.29973,1.00,1.00
2016.09.07 05:19:19.790,1.29947,1.29973,1.50,1.00
2016.09.07 05:19:19.841,1.29947,1.29973,1.87,1.00
2016.09.07 05:19:19.892,1.29948,1.29973,1.00,1.00
2016.09.07 05:19:20.095,1.29949,1.29974,1.00,1.50
2016.09.07 05:19:20.502,1.29949,1.29974,1.00,1.00
2016.09.07 05:19:21.595,1.29949,1.29976,1.00,1.00
2016.09.07 05:19:21.698,1.2995,1.29972,1.00,1.00
2016.09.07 05:19:21.800,1.29951,1.29973,1.00,1.00
2016.09.07 05:19:22.003,1.29949,1.29971,1.00,1.00
2016.09.07 05:19:22.105,1.2995,1.29973,1.00,1.00
2016.09.07 05:19:22.207,1.2995,1.29973,1.00,1.00
2016.09.07 05:19:22.513,1.29949,1.29973,1.00,1.50
2016.09.07 05:19:22.615,1.29951,1.29974,1.00,1.00
2016.09.07 05:19:22.717,1.29951,1.29976,1.00,1.50
2016.09.07 05:19:22.819,1.29951,1.29976,1.00,1.00
2016.09.07 05:19:22.922,1.29951,1.29979,1.00,2.62
2016.09.07 05:19:23.250,1.29951,1.29977,1.00,1.00
2016.09.07 05:19:26.230,1.29951,1.29973,1.00,1.00
2016.09.07 05:19:26.383,1.2995,1.29973,1.00,1.00
2016.09.07 05:19:26.485,1.2995,1.29978,1.00,1.50
2016.09.07 05:19:26.536,1.29952,1.29978,1.00,1.50
2016.09.07 05:19:27.461,1.29953,1.29978,1.00,1.50
2016.09.07 05:19:30.097,1.29952,1.29978,1.00,1.50
2016.09.07 05:19:30.250,1.29952,1.29978,1.00,1.87
2016.09.07 05:19:30.955,1.29952,1.29978,1.00,2.25
2016.09.07 05:19:32.356,1.29952,1.29977,1.00,1.00
2016.09.07 05:19:36.815,1.29952,1.29977,1.00,1.12
2016.09.07 05:19:36.866,1.29952,1.29977,1.00,1.50
2016.09.07 05:19:39.819,1.29952,1.29977,1.00,1.37
2016.09.07 05:19:43.196,1.29952,1.29976,1.00,1.25
2016.09.07 05:19:43.247,1.29952,1.29976,1.00,2.06
2016.09.07 05:19:43.298,1.29952,1.29976,1.00,2.06
2016.09.07 05:19:43.614,1.2995,1.29976,1.12,2.06
2016.09.07 05:19:43.665,1.2995,1.29978,1.12,2.06
2016.09.07 05:19:43.963,1.2995,1.29976,1.12,1.25
2016.09.07 05:19:44.223,1.29949,1.29976,1.50,1.25
2016.09.07 05:19:45.308,1.29949,1.29976,1.50,1.25
2016.09.07 05:19:45.363,1.29949,1.29973,1.50,1.00
2016.09.07 05:19:45.465,1.29949,1.29971,1.50,1.50
2016.09.07 05:19:45.518,1.29949,1.29971,1.12,1.50
2016.09.07 05:19:45.569,1.29949,1.29971,1.00,1.50
2016.09.07 05:19:46.418,1.29948,1.29971,1.00,1.50
2016.09.07 05:19:46.820,1.29949,1.29971,1.00,1.00
2016.09.07 05:19:46.872,1.29949,1.29972,1.00,1.50
2016.09.07 05:19:46.923,1.2995,1.29972,1.00,1.00
2016.09.07 05:19:46.975,1.2995,1.29973,1.00,1.00
2016.09.07 05:19:47.026,1.2995,1.29973,1.12,1.00
2016.09.07 05:19:47.435,1.2995,1.29974,1.12,1.50
2016.09.07 05:19:49.163,1.29948,1.29974,1.75,1.50
2016.09.07 05:19:49.264,1.2995,1.29974,1.12,1.50
2016.09.07 05:19:49.417,1.2995,1.29974,1.12,2.25
2016.09.07 05:19:53.107,1.2995,1.29974,1.12,1.50
2016.09.07 05:19:56.863,1.29951,1.29974,1.00,1.00
2016.09.07 05:19:56.965,1.29953,1.29977,1.00,1.00
2016.09.07 05:19:57.017,1.29953,1.29977,1.00,1.12
2016.09.07 05:19:57.170,1.29954,1.29978,1.00,1.50
2016.09.07 05:19:57.221,1.29954,1.29978,1.00,1.12
2016.09.07 05:19:57.685,1.29954,1.29979,1.00,1.37
2016.09.07 05:19:57.736,1.29954,1.29979,1.12,1.37
2016.09.07 05:19:57.838,1.29955,1.2998,1.00,2.62
2016.09.07 05:19:58.460,1.29955,1.29978,1.00,1.12
2016.09.07 05:19:58.563,1.29952,1.29978,2.25,1.87
2016.09.07 05:19:58.703,1.29952,1.29978,1.75,1.87
2016.09.07 05:19:58.755,1.29952,1.29978,1.75,1.50
2016.09.07 05:19:58.807,1.29952,1.29978,1.75,1.50
2016.09.07 05:19:58.859,1.29949,1.29974,1.50,1.50
2016.09.07 05:19:59.085,1.29946,1.29971,1.75,1.00
2016.09.07 05:19:59.137,1.29946,1.29971,1.37,1.00
2016.09.07 05:19:59.227,1.29946,1.29971,1.00,1.00
2016.09.07 05:20:03.475,1.29949,1.29974,1.00,1.00
2016.09.07 05:20:03.708,1.2995,1.29975,1.50,1.00
2016.09.07 05:20:03.760,1.29953,1.29975,1.00,1.00
2016.09.07 05:20:04.016,1.29953,1.29977,1.00,1.00
2016.09.07 05:20:04.936,1.29953,1.29978,1.00,1.50
2016.09.07 05:20:07.201,1.29954,1.29978,1.00,1.00
2016.09.07 05:20:07.302,1.29956,1.2998,1.00,1.00
2016.09.07 05:20:07.405,1.29956,1.29981,1.00,1.50
2016.09.07 05:20:07.456,1.29956,1.29981,1.12,1.50
2016.09.07 05:20:07.558,1.29956,1.29981,1.12,1.00
2016.09.07 05:20:08.254,1.29958,1.2998,1.00,1.00
2016.09.07 05:20:08.976,1.29958,1.29982,1.00,1.00
2016.09.07 05:20:09.230,1.29958,1.29982,1.00,1.00
2016.09.07 05:20:09.282,1.29955,1.29979,1.37,1.00
2016.09.07 05:20:09.554,1.29954,1.29979,1.12,1.00
2016.09.07 05:20:09.605,1.29954,1.29979,1.00,1.00
2016.09.07 05:20:11.751,1.29954,1.29979,1.00,1.12
2016.09.07 05:20:11.802,1.29951,1.29976,1.50,1.00
2016.09.07 05:20:11.853,1.29951,1.29976,1.12,1.00
2016.09.07 05:20:11.905,1.29951,1.29976,1.00,1.00
2016.09.07 05:20:12.058,1.2995,1.29976,1.00,1.00
2016.09.07 05:20:12.796,1.2995,1.29975,1.00,1.00
2016.09.07 05:20:16.839,1.2995,1.29975,1.00,1.37
2016.09.07 05:20:16.890,1.29948,1.29974,1.00,1.12
2016.09.07 05:20:17.044,1.29948,1.29974,1.00,1.37
2016.09.07 05:20:17.096,1.29944,1.2997,1.00,1.00
2016.09.07 05:20:17.148,1.29944,1.2997,1.00,1.37
2016.09.07 05:20:17.201,1.29942,1.29967,1.50,1.00
2016.09.07 05:20:17.252,1.29942,1.29967,1.12,1.00
2016.09.07 05:20:17.303,1.2994,1.29966,1.50,1.00
2016.09.07 05:20:17.355,1.2994,1.29966,1.00,1.12
2016.09.07 05:20:17.406,1.2994,1.29966,1.00,1.87
2016.09.07 05:20:17.508,1.2994,1.29966,1.00,2.25
2016.09.07 05:20:17.612,1.2994,1.29966,1.00,1.50
2016.09.07 05:20:17.875,1.29939,1.29964,1.50,1.00
2016.09.07 05:20:17.927,1.29939,1.29964,1.50,1.50
2016.09.07 05:20:17.979,1.29939,1.29958,1.00,1.50
2016.09.07 05:20:18.030,1.29935,1.29958,1.75,1.87
2016.09.07 05:20:18.082,1.29935,1.29956,1.00,1.00
2016.09.07 05:20:18.135,1.29932,1.29956,1.00,1.37
2016.09.07 05:20:18.187,1.2993,1.29954,1.00,1.50
2016.09.07 05:20:18.239,1.29929,1.29954,1.00,1.87
2016.09.07 05:20:18.291,1.29927,1.29953,1.37,1.00
2016.09.07 05:20:18.394,1.29927,1.29953,1.00,1.50
2016.09.07 05:20:18.516,1.2993,1.29953,1.00,1.50
2016.09.07 05:20:18.638,1.29926,1.29953,1.50,1.50
2016.09.07 05:20:18.983,1.29928,1.29953,1.00,1.50
2016.09.07 05:20:20.961,1.29928,1.29953,1.00,1.87
2016.09.07 05:20:21.012,1.29926,1.29947,1.00,1.00
2016.09.07 05:20:21.545,1.29925,1.29946,1.00,1.00
2016.09.07 05:20:22.460,1.29926,1.29946,1.00,1.00
2016.09.07 05:20:23.674,1.29925,1.29946,1.00,1.00
2016.09.07 05:20:24.299,1.29932,1.2995,1.00,1.00
2016.09.07 05:20:24.350,1.29932,1.29952,1.00,1.00
2016.09.07 05:20:24.452,1.29933,1.29954,1.00,1.00
2016.09.07 05:20:25.379,1.29933,1.29955,1.00,1.00
2016.09.07 05:20:26.681,1.29934,1.29955,1.00,1.00
2016.09.07 05:20:27.377,1.29932,1.29955,1.00,1.00
2016.09.07 05:20:31.046,1.29932,1.29955,1.00,1.00
2016.09.07 05:20:31.097,1.29931,1.29953,1.00,1.00
2016.09.07 05:20:32.548,1.29931,1.29953,1.50,1.00
2016.09.07 05:20:33.084,1.29931,1.29954,1.50,1.00
2016.09.07 05:20:33.890,1.29931,1.29953,1.50,1.00
2016.09.07 05:20:36.690,1.29931,1.29953,1.00,1.00
2016.09.07 05:20:39.100,1.29932,1.29954,1.00,1.00
2016.09.07 05:20:39.203,1.29933,1.29958,1.00,1.37
2016.09.07 05:20:39.301,1.29933,1.29958,1.00,1.12
2016.09.07 05:20:39.353,1.29935,1.2996,1.00,1.50
2016.09.07 05:20:39.509,1.29937,1.2996,1.00,1.00
2016.09.07 05:20:39.841,1.29935,1.29959,1.00,1.50
2016.09.07 05:20:40.305,1.29936,1.29959,1.00,1.00
2016.09.07 05:20:41.147,1.29936,1.2996,1.00,1.00
2016.09.07 05:20:41.708,1.29935,1.2996,1.00,1.00
2016.09.07 05:20:41.759,1.29935,1.2996,1.00,1.50
2016.09.07 05:20:42.064,1.29935,1.2996,1.00,1.00
2016.09.07 05:20:43.229,1.29937,1.29962,1.12,1.50
2016.09.07 05:20:43.280,1.29937,1.29962,1.12,1.00
2016.09.07 05:20:43.331,1.29938,1.29962,1.00,1.00
2016.09.07 05:20:48.218,1.29939,1.29963,1.00,1.00
2016.09.07 05:20:48.322,1.2994,1.29964,1.00,1.50
2016.09.07 05:20:48.373,1.2994,1.29964,1.00,1.00
2016.09.07 05:20:48.426,1.29942,1.29965,1.00,1.50
2016.09.07 05:20:49.419,1.29943,1.29965,1.00,1.00
2016.09.07 05:20:50.284,1.29943,1.29967,1.00,1.00
2016.09.07 05:20:50.640,1.29943,1.29964,1.00,1.00
2016.09.07 05:20:51.227,1.29942,1.29968,1.00,2.62
2016.09.07 05:20:53.364,1.29942,1.29968,1.00,1.50
2016.09.07 05:20:53.467,1.29942,1.29969,1.00,1.69
2016.09.07 05:20:53.862,1.29944,1.29967,1.00,1.00
2016.09.07 05:20:54.963,1.29943,1.29966,1.00,1.00
2016.09.07 05:20:55.482,1.29943,1.29967,1.00,1.00
2016.09.07 05:20:59.355,1.29943,1.29968,1.00,1.00
2016.09.07 05:20:59.733,1.29943,1.29967,1.00,1.00
2016.09.07 05:21:04.775,1.29942,1.29969,1.00,2.44
2016.09.07 05:21:04.929,1.29942,1.29969,1.00,2.06
2016.09.07 05:21:05.140,1.29942,1.29968,1.00,1.00
2016.09.07 05:21:07.978,1.29942,1.29966,1.00,1.00
2016.09.07 05:21:08.619,1.29943,1.29967,1.00,1.00
2016.09.07 05:21:08.945,1.29942,1.29969,1.00,2.06
2016.09.07 05:21:09.361,1.29942,1.29966,1.00,1.00
2016.09.07 05:21:10.061,1.29942,1.29968,1.00,1.00
2016.09.07 05:21:12.049,1.29943,1.29967,1.00,1.00
2016.09.07 05:21:16.268,1.29942,1.29966,1.00,1.00
2016.09.07 05:21:16.422,1.29942,1.29964,1.00,1.50
2016.09.07 05:21:16.473,1.29942,1.29964,1.00,1.00
2016.09.07 05:21:16.525,1.29942,1.29968,1.00,1.87
2016.09.07 05:21:16.627,1.29942,1.29968,1.00,1.50
2016.09.07 05:21:17.256,1.29943,1.29968,1.00,1.50
2016.09.07 05:21:17.592,1.29944,1.29968,1.00,1.00
2016.09.07 05:21:18.586,1.29944,1.29968,1.00,1.00
2016.09.07 05:21:26.572,1.29943,1.29968,1.00,1.00
2016.09.07 05:21:27.011,1.29944,1.29966,1.00,1.00
2016.09.07 05:21:27.769,1.29943,1.29965,1.00,1.00
2016.09.07 05:21:28.070,1.29943,1.29968,1.00,1.00
2016.09.07 05:21:28.383,1.29943,1.29965,1.00,1.00
2016.09.07 05:21:31.225,1.29943,1.29968,1.00,1.50
2016.09.07 05:21:31.327,1.29943,1.29968,1.00,1.00
2016.09.07 05:21:33.457,1.29943,1.29968,1.00,1.12
2016.09.07 05:21:33.521,1.29941,1.29968,1.00,1.12
2016.09.07 05:21:33.573,1.29941,1.29968,1.00,1.00
2016.09.07 05:21:34.080,1.29943,1.29967,1.00,1.00
2016.09.07 05:21:35.041,1.29943,1.29964,1.00,1.00
2016.09.07 05:21:35.158,1.29941,1.29964,1.00,1.00
2016.09.07 05:21:36.085,1.29943,1.29964,1.00,1.00
2016.09.07 05:21:38.607,1.29943,1.29967,1.00,1.00
2016.09.07 05:21:45.613,1.29943,1.29964,1.00,1.00
2016.09.07 05:21:45.714,1.29943,1.29967,1.00,1.00
2016.09.07 05:21:46.258,1.29944,1.29967,1.00,1.00
2016.09.07 05:21:46.936,1.29943,1.29967,1.00,1.00
2016.09.07 05:21:48.851,1.29943,1.29964,1.00,1.00
2016.09.07 05:21:49.473,1.29942,1.29964,1.00,1.00
2016.09.07 05:21:50.511,1.29941,1.29964,1.00,1.00
2016.09.07 05:21:51.835,1.29941,1.29966,1.00,1.00
2016.09.07 05:21:51.938,1.29941,1.29964,1.00,1.00
2016.09.07 05:21:56.928,1.29941,1.29967,1.00,2.25
2016.09.07 05:21:57.803,1.29941,1.29967,1.00,1.87
2016.09.07 05:21:58.072,1.29941,1.29967,1.00,1.50
2016.09.07 05:21:58.175,1.29941,1.29967,1.00,1.00
2016.09.07 05:22:00.024,1.29941,1.29968,1.00,1.12
2016.09.07 05:22:00.389,1.2994,1.29964,1.00,1.00
2016.09.07 05:22:00.491,1.29941,1.29964,1.00,1.00
2016.09.07 05:22:00.542,1.29943,1.29965,1.00,1.00
2016.09.07 05:22:00.645,1.29945,1.29968,1.00,1.00
2016.09.07 05:22:00.851,1.29945,1.2997,1.00,1.87
2016.09.07 05:22:04.149,1.29945,1.2997,1.00,1.12
2016.09.07 05:22:04.478,1.29945,1.2997,1.00,1.00
2016.09.07 05:22:05.016,1.29946,1.2997,1.00,1.00
2016.09.07 05:22:05.734,1.29947,1.2997,1.00,1.00
2016.09.07 05:22:06.439,1.29947,1.29969,1.00,1.00
2016.09.07 05:22:07.130,1.29947,1.2997,1.00,1.00
2016.09.07 05:22:13.487,1.29947,1.29971,1.00,1.00
2016.09.07 05:22:14.477,1.29945,1.29969,1.00,1.00
2016.09.07 05:22:18.280,1.29945,1.2997,1.00,1.00
2016.09.07 05:22:19.782,1.29945,1.2997,1.00,1.12
2016.09.07 05:22:20.388,1.29946,1.2997,1.00,1.12
2016.09.07 05:22:21.254,1.29946,1.29969,1.00,1.00
2016.09.07 05:22:35.216,1.29944,1.29969,1.50,1.50
2016.09.07 05:22:35.268,1.29944,1.29969,1.50,1.87
2016.09.07 05:22:35.421,1.29944,1.29969,1.00,1.87
2016.09.07 05:22:35.509,1.29943,1.29964,1.00,1.00
2016.09.07 05:22:35.612,1.29939,1.29963,1.12,1.00
2016.09.07 05:22:35.664,1.29938,1.29963,1.37,1.00
2016.09.07 05:22:35.715,1.29936,1.29962,1.00,1.00
2016.09.07 05:22:35.829,1.29936,1.29962,1.00,1.50
2016.09.07 05:22:35.882,1.29934,1.29958,1.00,1.00
2016.09.07 05:22:35.936,1.29934,1.29958,1.00,1.12
2016.09.07 05:22:36.040,1.29934,1.29958,1.00,1.00
2016.09.07 05:22:36.092,1.29934,1.29958,1.00,1.00
2016.09.07 05:22:36.143,1.29934,1.29958,1.00,1.12
2016.09.07 05:22:36.677,1.29929,1.29955,2.25,1.00
2016.09.07 05:22:36.729,1.29929,1.29955,2.25,1.50
2016.09.07 05:22:36.850,1.29929,1.29955,1.00,2.25
2016.09.07 05:22:36.901,1.29928,1.29954,1.00,1.00
2016.09.07 05:22:37.308,1.29928,1.29954,1.00,1.50
2016.09.07 05:22:38.003,1.29928,1.29952,1.00,1.00
2016.09.07 05:22:38.054,1.29928,1.29952,1.00,1.00
2016.09.07 05:22:38.373,1.29928,1.29952,1.00,1.12
2016.09.07 05:22:40.316,1.29926,1.29952,1.50,1.12
2016.09.07 05:22:40.367,1.29926,1.29952,1.50,1.00
2016.09.07 05:22:40.418,1.29926,1.2995,1.00,1.00
2016.09.07 05:22:40.933,1.29926,1.29951,1.00,1.00
2016.09.07 05:22:43.276,1.29926,1.29945,1.00,1.00
2016.09.07 05:22:43.327,1.29923,1.29945,1.00,1.00
2016.09.07 05:22:43.379,1.29923,1.29948,1.00,1.50
2016.09.07 05:22:43.430,1.2992,1.29941,1.00,1.00
2016.09.07 05:22:43.481,1.2992,1.29939,1.00,1.12
2016.09.07 05:22:43.533,1.29913,1.29937,1.00,1.00
2016.09.07 05:22:43.585,1.29913,1.29937,1.00,1.00
2016.09.07 05:22:43.637,1.29911,1.29937,1.00,1.00
2016.09.07 05:22:43.741,1.29911,1.29938,1.00,1.00
2016.09.07 05:22:43.864,1.29914,1.29939,1.00,1.50
2016.09.07 05:22:44.599,1.29912,1.29939,1.00,1.50
2016.09.07 05:22:44.838,1.29912,1.29939,1.00,2.25
2016.09.07 05:22:45.079,1.29912,1.29939,1.00,3.00
2016.09.07 05:22:45.130,1.29912,1.29939,1.00,2.25
2016.09.07 05:22:45.181,1.29912,1.29939,1.00,1.50
2016.09.07 05:22:45.232,1.29916,1.29939,1.00,1.00
2016.09.07 05:22:45.385,1.29916,1.29943,1.00,1.57
2016.09.07 05:22:45.436,1.29916,1.29943,1.00,2.32
2016.09.07 05:22:45.542,1.29916,1.29943,1.00,1.57
2016.09.07 05:22:45.644,1.29918,1.29943,1.00,2.32
2016.09.07 05:22:45.843,1.29918,1.29943,1.00,1.57
2016.09.07 05:22:45.988,1.29918,1.29943,1.00,1.20
2016.09.07 05:22:46.218,1.29918,1.29943,1.00,1.95
2016.09.07 05:22:47.367,1.29918,1.29943,1.00,1.20
2016.09.07 05:22:48.291,1.29916,1.29943,1.00,1.57
2016.09.07 05:22:48.846,1.29916,1.29942,1.00,1.12
2016.09.07 05:22:49.002,1.29916,1.29942,1.00,1.50
2016.09.07 05:22:49.557,1.29917,1.29942,1.00,1.50
2016.09.07 05:22:50.192,1.29917,1.29942,1.00,2.25
2016.09.07 05:22:50.607,1.29917,1.29939,1.00,1.00
2016.09.07 05:22:51.157,1.29916,1.29939,1.00,1.00
2016.09.07 05:22:58.502,1.29916,1.29941,1.00,1.37
2016.09.07 05:23:00.207,1.29918,1.29942,1.00,1.12
2016.09.07 05:23:00.258,1.29918,1.29942,1.00,1.50
2016.09.07 05:23:00.310,1.29916,1.29941,1.00,1.50
2016.09.07 05:23:03.006,1.29916,1.29941,1.00,1.37
2016.09.07 05:23:03.057,1.29917,1.29942,1.00,1.00
2016.09.07 05:23:03.380,1.29919,1.29943,1.00,1.00
2016.09.07 05:23:03.431,1.29919,1.29944,1.00,2.25
2016.09.07 05:23:03.636,1.29919,1.29944,1.00,1.87
2016.09.07 05:23:05.029,1.29917,1.29944,1.00,1.37
2016.09.07 05:23:06.023,1.29918,1.29942,1.00,1.00
2016.09.07 05:23:06.353,1.29918,1.2994,1.00,1.00
2016.09.07 05:23:07.511,1.29918,1.2994,1.00,1.00
2016.09.07 05:23:07.563,1.29913,1.29935,1.00,1.00
2016.09.07 05:23:07.615,1.29911,1.29935,2.62,1.00
2016.09.07 05:23:07.666,1.29911,1.29935,1.50,1.12
2016.09.07 05:23:07.871,1.29911,1.29935,1.50,1.00
2016.09.07 05:23:07.922,1.29911,1.29935,1.00,1.00
2016.09.07 05:23:08.229,1.29913,1.29936,1.00,1.12
2016.09.07 05:23:08.280,1.29913,1.29936,1.00,1.00
2016.09.07 05:23:08.421,1.29915,1.29939,1.00,1.00
2016.09.07 05:23:08.472,1.29915,1.29939,1.00,1.00
2016.09.07 05:23:10.648,1.29915,1.2994,1.00,1.00
2016.09.07 05:23:10.700,1.29915,1.2994,1.00,1.00
2016.09.07 05:23:10.751,1.29916,1.29941,1.00,1.50
2016.09.07 05:23:10.854,1.29916,1.29941,1.00,1.00
2016.09.07 05:23:11.184,1.29916,1.29941,1.00,1.00
2016.09.07 05:23:11.292,1.29916,1.29941,1.00,1.00
2016.09.07 05:23:11.343,1.29914,1.2994,1.00,1.00
2016.09.07 05:23:11.394,1.29914,1.29938,1.00,1.00
2016.09.07 05:23:11.445,1.29914,1.29938,1.00,1.12
2016.09.07 05:23:11.646,1.29914,1.29938,1.00,1.00
2016.09.07 05:23:11.697,1.29914,1.29939,1.00,1.00
2016.09.07 05:23:11.749,1.29914,1.2994,1.00,1.50
2016.09.07 05:23:12.661,1.29913,1.29939,1.00,1.12
2016.09.07 05:23:12.962,1.29913,1.29939,1.00,1.00
2016.09.07 05:23:13.166,1.29915,1.29939,1.00,1.87
2016.09.07 05:23:16.537,1.29915,1.29939,1.00,1.12
2016.09.07 05:23:16.639,1.29915,1.29939,1.00,1.12
2016.09.07 05:23:16.690,1.29915,1.29939,1.00,1.00
2016.09.07 05:23:19.202,1.29915,1.29939,1.12,1.00
2016.09.07 05:23:19.253,1.29918,1.29941,1.00,1.50
2016.09.07 05:23:19.305,1.29918,1.29942,1.00,1.12
2016.09.07 05:23:19.356,1.29918,1.29941,1.00,1.00
2016.09.07 05:23:19.407,1.29918,1.29944,1.00,1.87
2016.09.07 05:23:19.561,1.2992,1.29944,1.00,1.37
2016.09.07 05:23:20.436,1.2992,1.29945,1.00,1.87
2016.09.07 05:23:20.857,1.2992,1.29945,1.00,1.50
2016.09.07 05:23:21.011,1.2992,1.29945,1.00,1.87
2016.09.07 05:23:21.062,1.29919,1.29941,1.00,1.00
2016.09.07 05:23:32.116,1.29919,1.29941,1.00,1.12
2016.09.07 05:23:33.615,1.29919,1.29941,1.00,1.00
2016.09.07 05:23:35.274,1.29918,1.2994,1.00,1.00
2016.09.07 05:23:45.478,1.29918,1.2994,1.00,1.12
2016.09.07 05:23:45.529,1.29916,1.29938,1.00,1.00
2016.09.07 05:23:58.502,1.29917,1.2994,1.00,1.00
2016.09.07 05:23:58.587,1.29917,1.2994,1.00,1.00
2016.09.07 05:23:58.944,1.29918,1.29942,1.00,1.00
2016.09.07 05:24:02.058,1.29918,1.29942,1.00,1.12
2016.09.07 05:24:02.233,1.29918,1.29942,1.00,1.00
2016.09.07 05:24:05.106,1.29919,1.29942,1.00,1.00
2016.09.07 05:24:06.120,1.29918,1.2994,1.00,1.00
2016.09.07 05:24:07.145,1.29919,1.29941,1.00,1.00
2016.09.07 05:24:09.237,1.29918,1.2994,1.00,1.00
2016.09.07 05:24:10.156,1.2992,1.29942,1.00,1.00
2016.09.07 05:24:10.258,1.29921,1.29944,1.00,1.50
2016.09.07 05:24:10.503,1.29921,1.29944,1.00,1.00
2016.09.07 05:24:10.605,1.29921,1.29944,1.00,1.50
2016.09.07 05:24:11.776,1.29921,1.29944,1.00,1.00
2016.09.07 05:24:13.248,1.29922,1.29945,1.00,1.12
2016.09.07 05:24:13.299,1.29922,1.29945,1.00,1.00
2016.09.07 05:24:13.802,1.29921,1.29945,1.00,1.00
2016.09.07 05:24:13.855,1.29919,1.29942,1.00,1.00
2016.09.07 05:24:13.949,1.2992,1.29945,1.00,1.50
2016.09.07 05:24:14.000,1.2992,1.29945,1.00,1.00
2016.09.07 05:24:14.155,1.2992,1.29945,1.00,1.12
2016.09.07 05:24:14.308,1.2992,1.29944,1.00,1.00
2016.09.07 05:24:16.381,1.2992,1.29945,1.00,1.50
2016.09.07 05:24:18.415,1.2992,1.29945,1.00,1.87
2016.09.07 05:24:18.466,1.2992,1.29945,1.00,2.25
2016.09.07 05:24:23.685,1.2992,1.29944,1.00,1.37
2016.09.07 05:24:23.876,1.2992,1.29944,1.00,1.00
2016.09.07 05:24:24.387,1.2992,1.29945,1.00,1.00
2016.09.07 05:24:28.527,1.2992,1.29947,1.12,1.87
2016.09.07 05:24:28.578,1.29925,1.29947,1.00,1.00
2016.09.07 05:24:28.681,1.29926,1.29948,1.00,1.00
2016.09.07 05:24:28.955,1.29923,1.29948,1.00,1.00
2016.09.07 05:24:29.373,1.29923,1.29948,1.00,1.12
2016.09.07 05:24:29.547,1.29921,1.29948,1.00,1.12
2016.09.07 05:24:30.192,1.29921,1.29948,1.00,1.12
2016.09.07 05:24:31.407,1.29921,1.29948,1.00,1.00
2016.09.07 05:24:31.706,1.29921,1.29948,1.00,1.12
2016.09.07 05:24:32.650,1.2992,1.29948,1.00,1.12
2016.09.07 05:24:37.567,1.2992,1.29948,1.00,1.00
2016.09.07 05:24:37.618,1.2992,1.29948,1.00,1.00
2016.09.07 05:24:37.720,1.2992,1.29948,1.00,1.50
2016.09.07 05:24:39.029,1.2992,1.29948,1.00,1.00
2016.09.07 05:24:40.215,1.2992,1.29948,1.00,1.00
2016.09.07 05:24:43.849,1.2992,1.29948,1.00,1.00
2016.09.07 05:24:44.036,1.2992,1.29948,1.00,1.00
2016.09.07 05:24:44.890,1.29922,1.29948,1.00,1.00
2016.09.07 05:24:45.000,1.29922,1.29948,1.00,1.00
2016.09.07 05:24:45.703,1.29923,1.29948,1.00,1.00
2016.09.07 05:24:45.908,1.29922,1.2995,1.00,1.00
2016.09.07 05:24:49.337,1.29922,1.2995,1.00,1.12
2016.09.07 05:24:49.389,1.29921,1.29947,1.50,1.00
2016.09.07 05:24:49.441,1.29921,1.29947,1.00,1.00
2016.09.07 05:24:49.754,1.29921,1.29945,1.00,1.00
2016.09.07 05:24:50.483,1.29921,1.29944,1.00,1.00
2016.09.07 05:24:53.235,1.29923,1.29946,1.00,1.00
2016.09.07 05:24:55.429,1.29921,1.29947,1.00,1.00
2016.09.07 05:24:55.634,1.29921,1.29947,1.00,1.00
2016.09.07 05:24:56.143,1.29921,1.29946,1.00,1.00
2016.09.07 05:24:58.524,1.29921,1.29947,1.00,1.00
2016.09.07 05:24:58.576,1.29921,1.29947,1.00,1.12
2016.09.07 05:24:58.627,1.29921,1.29947,1.00,1.50
2016.09.07 05:24:58.789,1.29921,1.29947,1.00,1.37
2016.09.07 05:24:58.841,1.29921,1.29947,1.00,1.12
2016.09.07 05:24:59.083,1.29921,1.29947,1.00,1.87
2016.09.07 05:25:00.045,1.29919,1.29947,1.12,1.87
2016.09.07 05:25:00.246,1.29919,1.29946,1.12,1.00
2016.09.07 05:25:00.301,1.29921,1.29946,1.00,2.25
2016.09.07 05:25:00.404,1.29921,1.29946,1.00,1.87
2016.09.07 05:25:00.508,1.29921,1.29944,1.00,1.12
2016.09.07 05:25:00.560,1.29921,1.29944,1.00,1.12
2016.09.07 05:25:03.559,1.29921,1.29944,1.00,1.12
2016.09.07 05:25:03.610,1.29922,1.29945,1.00,1.37
2016.09.07 05:25:03.662,1.29922,1.29945,1.00,1.00
2016.09.07 05:25:03.713,1.29923,1.29946,1.00,1.12
2016.09.07 05:25:03.866,1.29923,1.29946,1.00,1.00
2016.09.07 05:25:04.001,1.29923,1.29945,1.00,1.12
2016.09.07 05:25:04.156,1.29923,1.29945,1.00,1.00
2016.09.07 05:25:05.027,1.29921,1.29946,1.00,1.00
2016.09.07 05:25:05.571,1.29922,1.29946,1.00,1.00
2016.09.07 05:25:06.082,1.29922,1.29945,1.00,1.00
2016.09.07 05:25:06.622,1.29921,1.29944,1.00,1.00
2016.09.07 05:25:06.724,1.29921,1.29946,1.00,1.00
2016.09.07 05:25:07.746,1.29921,1.29945,1.00,1.00
2016.09.07 05:25:20.450,1.29922,1.29945,1.00,1.00
2016.09.07 05:25:31.359,1.29922,1.29946,1.00,1.00
2016.09.07 05:25:34.547,1.29923,1.29946,1.00,1.00
2016.09.07 05:25:36.368,1.29921,1.29945,1.00,1.00
2016.09.07 05:25:37.475,1.29922,1.29945,1.00,1.00
2016.09.07 05:25:50.577,1.29922,1.29944,1.00,1.00
2016.09.07 05:25:53.114,1.2992,1.29945,1.00,1.00
2016.09.07 05:25:56.152,1.2992,1.29945,1.00,1.12
2016.09.07 05:25:56.724,1.2992,1.29945,1.00,1.00
2016.09.07 05:25:56.826,1.29921,1.29946,1.00,1.12
2016.09.07 05:25:57.534,1.29921,1.29946,1.00,1.00
2016.09.07 05:25:58.066,1.29921,1.29945,1.00,1.00
2016.09.07 05:26:07.528,1.2992,1.29945,1.00,1.00
2016.09.07 05:26:12.734,1.29921,1.29945,1.00,1.00
2016.09.07 05:26:19.612,1.29921,1.29945,1.50,1.00
2016.09.07 05:26:20.619,1.29921,1.29945,1.00,1.00
2016.09.07 05:26:21.615,1.29921,1.29945,1.50,1.00
2016.09.07 05:26:26.428,1.29921,1.29945,1.00,1.00
2016.09.07 05:26:37.736,1.29921,1.29945,1.12,1.00
2016.09.07 05:26:38.186,1.2992,1.29947,1.37,1.00
2016.09.07 05:26:38.301,1.2992,1.29947,1.12,1.00
2016.09.07 05:26:38.453,1.2992,1.29945,1.12,1.00
2016.09.07 05:26:38.569,1.29919,1.29946,2.25,1.00
2016.09.07 05:26:38.620,1.29919,1.29946,1.50,1.00
2016.09.07 05:26:42.528,1.29919,1.29946,1.12,1.00
2016.09.07 05:26:49.616,1.29919,1.29946,1.50,1.00
2016.09.07 05:26:49.667,1.29921,1.29945,1.00,1.00
2016.09.07 05:27:04.697,1.29919,1.29946,1.37,1.00
2016.09.07 05:27:05.161,1.29919,1.29946,1.00,1.00
2016.09.07 05:27:27.389,1.29919,1.29946,1.00,1.37
2016.09.07 05:27:27.440,1.2992,1.29944,1.00,1.50
2016.09.07 05:27:27.926,1.2992,1.29944,1.00,1.12
2016.09.07 05:27:28.172,1.2992,1.29945,1.00,1.00
2016.09.07 05:27:28.592,1.2992,1.29945,1.12,1.00
2016.09.07 05:27:29.438,1.2992,1.29945,1.00,1.00
2016.09.07 05:27:29.631,1.2992,1.29944,1.00,1.00
2016.09.07 05:27:29.682,1.29919,1.29944,1.00,1.50
2016.09.07 05:27:29.937,1.29919,1.29944,1.00,1.00
2016.09.07 05:27:40.077,1.29915,1.29942,1.12,1.00
2016.09.07 05:27:40.134,1.29915,1.29937,1.12,1.00
2016.09.07 05:27:40.187,1.29915,1.29932,1.12,1.00
2016.09.07 05:27:40.266,1.29915,1.29928,1.12,1.25
2016.09.07 05:27:40.324,1.29915,1.29928,1.00,1.25
2016.09.07 05:27:40.376,1.29915,1.2993,1.00,1.87
2016.09.07 05:27:40.427,1.29915,1.2993,1.00,1.50
2016.09.07 05:27:40.478,1.29915,1.29931,1.00,1.87
2016.09.07 05:27:40.530,1.29915,1.29931,1.00,2.25
2016.09.07 05:27:40.581,1.29915,1.2993,1.00,1.12
2016.09.07 05:27:40.632,1.29915,1.29929,1.00,1.50
2016.09.07 05:27:40.684,1.29911,1.29929,1.00,1.12
2016.09.07 05:27:40.735,1.29911,1.2993,1.00,1.87
2016.09.07 05:27:40.786,1.29904,1.29931,1.00,3.00
2016.09.07 05:27:40.837,1.29904,1.29928,1.00,1.00
2016.09.07 05:27:40.940,1.29904,1.29929,1.00,1.00
2016.09.07 05:27:41.043,1.29904,1.29925,1.00,1.00
2016.09.07 05:27:41.171,1.29897,1.29926,1.50,1.37
2016.09.07 05:27:41.222,1.29897,1.29926,1.50,1.37
2016.09.07 05:27:41.273,1.29897,1.29927,1.50,1.50
2016.09.07 05:27:41.324,1.29897,1.29925,1.50,1.00
2016.09.07 05:27:41.376,1.299,1.29925,1.00,1.00
2016.09.07 05:27:41.427,1.299,1.29926,1.00,1.00
2016.09.07 05:27:41.529,1.299,1.29925,1.00,1.50
2016.09.07 05:27:41.580,1.29898,1.29925,1.12,1.50
2016.09.07 05:27:41.632,1.29898,1.29925,1.00,1.12
2016.09.07 05:27:41.683,1.29899,1.29923,1.00,1.00
2016.09.07 05:27:41.787,1.29898,1.29927,1.00,3.00
2016.09.07 05:27:41.839,1.29898,1.29927,1.00,2.25
2016.09.07 05:27:41.890,1.29899,1.29924,1.00,1.00
2016.09.07 05:27:41.941,1.29899,1.29924,1.00,1.00
2016.09.07 05:27:42.280,1.29898,1.29927,1.00,1.50
2016.09.07 05:27:42.331,1.29898,1.29922,1.00,1.00
2016.09.07 05:27:42.642,1.29898,1.29926,1.00,1.37
2016.09.07 05:27:42.694,1.29898,1.29925,1.00,1.00
2016.09.07 05:27:42.795,1.29898,1.29925,1.00,1.50
2016.09.07 05:27:42.847,1.29898,1.29922,1.00,1.00
2016.09.07 05:27:43.153,1.29898,1.29923,1.00,1.00
2016.09.07 05:27:44.204,1.29898,1.29923,1.00,1.00
2016.09.07 05:27:45.140,1.29898,1.29922,1.00,1.00
2016.09.07 05:27:45.267,1.29899,1.29924,1.00,1.00
2016.09.07 05:27:45.318,1.29899,1.29924,1.00,1.00
2016.09.07 05:27:45.370,1.29899,1.29927,1.00,3.00
2016.09.07 05:27:45.472,1.29894,1.29922,1.00,1.37
2016.09.07 05:27:45.524,1.29893,1.29922,1.12,1.37
2016.09.07 05:27:45.575,1.2989,1.29917,2.32,2.00
2016.09.07 05:27:45.627,1.2989,1.29917,1.50,2.00
2016.09.07 05:27:45.678,1.2989,1.29915,1.00,1.00
2016.09.07 05:27:45.729,1.2989,1.29914,1.00,1.00
2016.09.07 05:27:45.781,1.29888,1.29913,1.00,1.00
2016.09.07 05:27:45.832,1.29888,1.29913,1.00,1.00
2016.09.07 05:27:45.971,1.29888,1.29915,1.00,1.00
2016.09.07 05:27:46.024,1.29888,1.29914,1.00,1.00
2016.09.07 05:27:46.076,1.29888,1.29916,1.00,1.69
2016.09.07 05:27:46.127,1.2989,1.29916,1.00,1.69
2016.09.07 05:27:46.229,1.2989,1.29916,1.00,1.69
2016.09.07 05:27:46.280,1.2989,1.29914,1.50,1.00
2016.09.07 05:27:46.586,1.2989,1.29914,1.00,1.00
2016.09.07 05:27:46.906,1.29891,1.29916,1.50,1.12
2016.09.07 05:27:47.008,1.29891,1.29916,1.00,1.12
2016.09.07 05:27:47.059,1.29891,1.29916,1.00,1.12
2016.09.07 05:27:47.161,1.29891,1.29916,1.00,1.12
2016.09.07 05:27:47.212,1.29894,1.29917,1.00,1.50
2016.09.07 05:27:47.265,1.29894,1.29917,1.00,1.12
2016.09.07 05:27:47.316,1.29893,1.2992,1.00,1.00
2016.09.07 05:27:47.368,1.29893,1.29918,1.00,1.00
2016.09.07 05:27:47.471,1.29891,1.29917,1.50,1.00
2016.09.07 05:27:48.151,1.29891,1.29917,1.50,1.00
2016.09.07 05:27:48.732,1.29891,1.29917,1.50,1.00
2016.09.07 05:27:48.836,1.29891,1.29917,1.50,1.00
2016.09.07 05:27:48.919,1.29891,1.29917,1.00,1.00
2016.09.07 05:27:49.068,1.29891,1.29917,1.50,1.00
2016.09.07 05:27:50.799,1.29891,1.29916,1.50,1.00
2016.09.07 05:27:52.718,1.29891,1.29916,1.50,1.00
2016.09.07 05:27:52.819,1.29891,1.29916,1.50,1.00
2016.09.07 05:27:54.021,1.29891,1.29914,1.00,1.00
2016.09.07 05:27:54.198,1.29891,1.29916,1.00,1.69
2016.09.07 05:27:54.250,1.29891,1.29916,1.00,1.69
2016.09.07 05:27:54.301,1.29888,1.29916,1.00,1.25
2016.09.07 05:27:55.423,1.29889,1.29916,1.00,1.25
2016.09.07 05:27:56.708,1.29889,1.29916,1.00,1.62
2016.09.07 05:27:56.862,1.29889,1.29916,1.00,1.62
2016.09.07 05:27:56.964,1.29888,1.29916,1.00,1.62
2016.09.07 05:27:57.066,1.29888,1.29916,1.00,1.62
2016.09.07 05:27:58.181,1.29889,1.29914,1.00,1.00
2016.09.07 05:27:58.232,1.29889,1.29914,1.00,1.00
2016.09.07 05:27:59.208,1.29888,1.29913,1.00,1.00
2016.09.07 05:27:59.310,1.29889,1.29915,1.00,1.12
2016.09.07 05:27:59.412,1.29888,1.29913,1.00,1.00
2016.09.07 05:28:01.220,1.29888,1.29913,1.00,1.12
2016.09.07 05:28:01.272,1.29888,1.29913,1.00,1.12
2016.09.07 05:28:01.323,1.29888,1.29913,1.00,1.00
2016.09.07 05:28:01.374,1.29888,1.29913,1.00,1.00
2016.09.07 05:28:01.425,1.29886,1.29913,1.12,1.00
2016.09.07 05:28:01.495,1.29886,1.29913,1.12,1.12
2016.09.07 05:28:02.168,1.29886,1.29912,1.12,1.12
2016.09.07 05:28:02.405,1.29886,1.29912,1.87,1.12
2016.09.07 05:28:07.696,1.29886,1.29912,1.87,1.00
2016.09.07 05:28:08.436,1.29886,1.29912,1.12,1.00
2016.09.07 05:28:08.538,1.29884,1.2991,1.50,1.00
2016.09.07 05:28:08.589,1.29884,1.2991,1.50,1.00
2016.09.07 05:28:08.640,1.29884,1.2991,1.00,1.00
2016.09.07 05:28:08.691,1.29884,1.2991,1.00,1.00
2016.09.07 05:28:17.156,1.29884,1.2991,1.00,1.00
2016.09.07 05:28:17.359,1.29884,1.2991,1.00,1.00
2016.09.07 05:28:17.461,1.29884,1.2991,1.00,1.00
2016.09.07 05:28:18.530,1.29884,1.2991,1.00,1.00
2016.09.07 05:28:18.862,1.29884,1.2991,1.00,1.00
2016.09.07 05:28:18.946,1.29885,1.29912,1.00,1.00
2016.09.07 05:28:19.251,1.29884,1.29911,1.00,1.00
2016.09.07 05:28:20.013,1.29884,1.2991,1.00,1.00
2016.09.07 05:28:27.723,1.29883,1.29912,1.00,1.00
2016.09.07 05:28:27.775,1.29883,1.29912,1.00,1.00
2016.09.07 05:28:27.827,1.29881,1.29905,1.12,1.00
2016.09.07 05:28:27.909,1.2988,1.29905,1.00,1.00
2016.09.07 05:28:27.961,1.29879,1.29904,1.00,2.25
2016.09.07 05:28:28.012,1.29879,1.29904,1.00,2.25
2016.09.07 05:28:28.063,1.29875,1.299,1.50,1.00
2016.09.07 05:28:28.114,1.29875,1.299,1.00,1.12
2016.09.07 05:28:28.166,1.29873,1.29898,1.12,1.00
2016.09.07 05:28:28.270,1.29873,1.29898,1.00,1.12
2016.09.07 05:28:28.321,1.29873,1.29898,1.00,1.50
2016.09.07 05:28:28.373,1.29872,1.29896,1.00,1.00
2016.09.07 05:28:32.926,1.2987,1.29896,1.00,1.00
2016.09.07 05:28:33.018,1.29868,1.29894,1.87,1.00
2016.09.07 05:28:33.069,1.29868,1.29894,1.50,1.00
2016.09.07 05:28:33.120,1.29868,1.29894,1.50,1.00
2016.09.07 05:28:33.171,1.29871,1.29894,1.00,1.00
2016.09.07 05:28:35.946,1.29871,1.29893,1.00,1.00
2016.09.07 05:28:36.468,1.29871,1.29895,1.00,1.00
2016.09.07 05:28:36.672,1.29871,1.29895,1.50,1.00
2016.09.07 05:28:40.589,1.29871,1.29895,1.00,1.00
2016.09.07 05:28:41.444,1.29869,1.29895,1.00,1.00
2016.09.07 05:28:42.258,1.29871,1.29895,1.00,1.00
2016.09.07 05:28:42.360,1.29871,1.29895,1.50,1.00
2016.09.07 05:28:43.946,1.29871,1.29895,1.00,1.00
2016.09.07 05:28:44.648,1.29871,1.29895,1.50,1.00
2016.09.07 05:28:47.083,1.29871,1.29896,1.00,1.12
2016.09.07 05:28:50.987,1.29871,1.29897,1.00,1.37
2016.09.07 05:28:53.340,1.29871,1.29896,1.00,1.12
2016.09.07 05:28:53.859,1.2987,1.29896,1.00,1.12
2016.09.07 05:28:54.463,1.29871,1.29896,1.00,1.12
2016.09.07 05:28:55.759,1.29871,1.29896,1.50,1.12
2016.09.07 05:28:57.071,1.2987,1.29896,1.00,1.12
2016.09.07 05:28:58.462,1.29871,1.29896,1.00,1.12
2016.09.07 05:28:58.666,1.29868,1.29892,1.00,1.00
2016.09.07 05:28:58.768,1.29868,1.29892,1.00,1.12
2016.09.07 05:28:58.951,1.29867,1.29889,1.12,1.00
2016.09.07 05:28:59.363,1.2987,1.29889,1.00,1.00
2016.09.07 05:28:59.770,1.29865,1.29889,1.37,1.00
2016.09.07 05:28:59.872,1.29865,1.29889,1.00,1.00
2016.09.07 05:29:00.713,1.29865,1.29888,1.00,1.00
2016.09.07 05:29:06.445,1.29866,1.29888,1.00,1.00
2016.09.07 05:29:07.041,1.29866,1.29889,1.00,1.00
2016.09.07 05:29:08.509,1.29866,1.2989,1.00,1.00
2016.09.07 05:29:08.814,1.29871,1.2989,1.00,1.00
2016.09.07 05:29:09.475,1.29866,1.2989,1.50,1.00
2016.09.07 05:29:09.587,1.29866,1.2989,1.87,1.00
2016.09.07 05:29:10.009,1.29866,1.2989,1.12,1.00
2016.09.07 05:29:10.112,1.29865,1.2989,1.37,1.00
2016.09.07 05:29:10.589,1.29865,1.2989,1.00,1.00
2016.09.07 05:29:11.138,1.29865,1.29889,1.00,1.00
2016.09.07 05:29:15.880,1.29866,1.29889,1.00,1.00
2016.09.07 05:29:18.483,1.29865,1.29889,1.00,1.00
2016.09.07 05:29:19.829,1.29866,1.29889,1.00,1.00
2016.09.07 05:29:23.510,1.29863,1.29889,1.00,1.00
2016.09.07 05:29:23.615,1.29863,1.29889,1.00,1.00
2016.09.07 05:29:23.717,1.29863,1.29889,1.00,1.00
2016.09.07 05:29:23.821,1.29866,1.29889,1.00,1.00
2016.09.07 05:29:24.605,1.29865,1.29889,1.00,1.00
2016.09.07 05:29:29.226,1.29866,1.29889,1.00,1.00
2016.09.07 05:29:29.935,1.2987,1.2989,1.00,1.00
2016.09.07 05:29:30.037,1.29871,1.29896,1.00,1.00
2016.09.07 05:29:30.216,1.29873,1.29899,1.00,1.00
2016.09.07 05:29:30.942,1.29874,1.299,1.00,1.12
2016.09.07 05:29:33.901,1.29876,1.299,1.00,1.12
2016.09.07 05:29:35.067,1.29876,1.29899,1.00,1.00
2016.09.07 05:29:39.511,1.29875,1.29899,1.00,1.00
2016.09.07 05:29:39.651,1.29875,1.29899,1.12,1.00
2016.09.07 05:29:39.891,1.29875,1.29899,1.00,1.00
2016.09.07 05:29:40.105,1.29876,1.29899,1.00,1.00
2016.09.07 05:29:40.539,1.29876,1.299,1.00,1.12
2016.09.07 05:29:40.590,1.29876,1.299,1.37,1.12
2016.09.07 05:29:41.973,1.29877,1.29904,1.37,2.25
2016.09.07 05:29:42.024,1.29877,1.29904,1.37,2.25
2016.09.07 05:29:42.075,1.29879,1.29906,1.37,1.00
2016.09.07 05:29:42.126,1.29881,1.29906,1.12,1.00
2016.09.07 05:29:42.355,1.29881,1.29906,1.37,1.00
2016.09.07 05:29:42.565,1.29882,1.29907,1.12,1.12
2016.09.07 05:29:42.667,1.29882,1.29907,1.12,1.00
2016.09.07 05:29:44.048,1.29884,1.2991,1.00,1.19
2016.09.07 05:29:44.099,1.29884,1.2991,1.12,1.00
2016.09.07 05:29:45.097,1.29884,1.2991,1.37,1.00
2016.09.07 05:29:47.027,1.29884,1.2991,1.00,1.00
2016.09.07 05:29:47.139,1.29883,1.29908,1.00,1.00
2016.09.07 05:29:47.371,1.29882,1.29907,1.12,1.00
2016.09.07 05:29:48.984,1.29882,1.29907,1.00,1.00
2016.09.07 05:29:50.977,1.29878,1.29905,1.87,1.00
2016.09.07 05:29:51.079,1.29878,1.29905,1.12,1.00
2016.09.07 05:29:52.036,1.29878,1.29905,1.12,1.00
2016.09.07 05:29:52.591,1.29878,1.29905,1.00,1.00
2016.09.07 05:29:53.777,1.29878,1.29904,1.00,1.00
2016.09.07 05:29:55.247,1.29881,1.29904,1.00,1.00
2016.09.07 05:30:00.591,1.29881,1.29905,1.50,1.00
2016.09.07 05:30:00.642,1.29881,1.29905,1.87,1.00
2016.09.07 05:30:00.693,1.29883,1.29906,1.00,1.12
2016.09.07 05:30:00.795,1.29883,1.29906,1.00,1.00
2016.09.07 05:30:00.897,1.29882,1.29905,1.50,1.00
2016.09.07 05:30:00.948,1.29882,1.29905,1.12,1.00
2016.09.07 05:30:00.999,1.29882,1.29905,1.00,1.00
2016.09.07 05:30:01.203,1.2988,1.29904,1.50,1.00
2016.09.07 05:30:02.513,1.2988,1.29904,1.00,1.00
2016.09.07 05:30:03.050,1.29881,1.29904,1.00,1.00
2016.09.07 05:30:04.711,1.29881,1.29906,1.00,1.00
2016.09.07 05:30:05.232,1.2988,1.29906,1.00,1.00
2016.09.07 05:30:07.214,1.2988,1.29906,1.12,1.00
2016.09.07 05:30:07.738,1.2988,1.29906,1.37,1.00
2016.09.07 05:30:09.693,1.2988,1.29906,1.00,1.00
2016.09.07 05:30:09.846,1.2988,1.29905,1.12,1.00
2016.09.07 05:30:11.742,1.2988,1.29905,1.87,1.00
2016.09.07 05:30:12.632,1.2988,1.29905,1.50,1.00
2016.09.07 05:30:13.795,1.29883,1.29905,1.00,1.00
2016.09.07 05:30:17.220,1.29881,1.29906,2.25,1.00
2016.09.07 05:30:20.134,1.29883,1.29905,1.00,1.00
2016.09.07 05:30:22.534,1.29883,1.29906,1.00,1.00
2016.09.07 05:30:22.585,1.29883,1.29906,1.37,1.00
2016.09.07 05:30:22.687,1.29883,1.29906,1.12,1.00
2016.09.07 05:30:26.411,1.29882,1.29905,1.50,1.00
2016.09.07 05:30:26.463,1.29882,1.29905,1.50,1.00
2016.09.07 05:30:26.514,1.2988,1.29903,1.87,1.00
2016.09.07 05:30:26.617,1.2988,1.29903,1.00,1.00
2016.09.07 05:30:26.768,1.29879,1.29903,1.12,1.00
2016.09.07 05:30:26.872,1.29881,1.29903,1.00,1.00
2016.09.07 05:30:27.984,1.29879,1.29903,1.12,1.00
2016.09.07 05:30:28.035,1.29879,1.29905,1.12,1.00
2016.09.07 05:30:28.087,1.29878,1.29905,2.25,1.00
2016.09.07 05:30:28.244,1.29881,1.29905,1.00,1.00
2016.09.07 05:30:28.789,1.29881,1.29904,1.00,1.00
2016.09.07 05:30:42.262,1.29881,1.29904,1.12,1.00
