2016.09.02 09:00:00.150,1.30066,1.30097,1.12,1.00
2016.09.02 09:00:00.392,1.30065,1.30097,1.12,1.50
2016.09.02 09:00:00.494,1.30065,1.30097,1.37,1.50
2016.09.02 09:00:00.597,1.30065,1.30097,1.00,1.50
2016.09.02 09:00:00.648,1.30064,1.30097,1.12,1.50
2016.09.02 09:00:00.801,1.30068,1.30094,1.00,1.00
2016.09.02 09:00:01.299,1.30068,1.30093,1.50,1.00
2016.09.02 09:00:01.895,1.30066,1.30087,1.00,1.00
2016.09.02 09:00:01.947,1.30061,1.30087,3.19,1.00
2016.09.02 09:00:02.050,1.30061,1.30087,1.87,1.00
2016.09.02 09:00:02.101,1.30058,1.30083,1.87,1.00
2016.09.02 09:00:02.152,1.30058,1.30083,1.00,1.00
2016.09.02 09:00:02.357,1.30058,1.30083,1.37,1.00
2016.09.02 09:00:02.409,1.30058,1.30083,1.50,1.00
2016.09.02 09:00:02.460,1.30058,1.30083,1.50,1.12
2016.09.02 09:00:02.698,1.30057,1.3008,1.50,1.00
2016.09.02 09:00:03.295,1.30057,1.3008,1.75,1.00
2016.09.02 09:00:03.471,1.30057,1.3008,1.50,1.00
2016.09.02 09:00:03.572,1.30058,1.3008,1.00,1.00
2016.09.02 09:00:03.675,1.30057,1.3008,2.25,1.00
2016.09.02 09:00:04.585,1.30057,1.3008,1.50,1.00
2016.09.02 09:00:05.061,1.30058,1.30079,1.00,1.00
2016.09.02 09:00:06.903,1.30058,1.30079,1.12,1.00
2016.09.02 09:00:07.107,1.30058,1.30079,1.00,1.00
2016.09.02 09:00:07.413,1.30057,1.30076,1.00,1.00
2016.09.02 09:00:07.807,1.30057,1.30076,1.12,1.00
2016.09.02 09:00:07.910,1.30058,1.30077,1.37,1.00
2016.09.02 09:00:07.962,1.30058,1.30077,1.50,1.00
2016.09.02 09:00:08.577,1.30058,1.30077,1.37,1.00
2016.09.02 09:00:08.679,1.30058,1.30077,1.00,1.00
2016.09.02 09:00:10.781,1.30058,1.30077,1.12,1.00
2016.09.02 09:00:12.186,1.30058,1.30077,1.00,1.00
2016.09.02 09:00:15.312,1.30057,1.30077,1.00,1.00
2016.09.02 09:00:16.116,1.30056,1.30076,1.50,1.00
2016.09.02 09:00:16.218,1.30056,1.30076,1.87,1.00
2016.09.02 09:00:16.320,1.30059,1.30076,1.00,1.00
2016.09.02 09:00:16.599,1.30056,1.30076,1.87,1.00
2016.09.02 09:00:17.275,1.30056,1.30076,1.50,1.00
2016.09.02 09:00:17.769,1.30056,1.30076,1.12,1.00
2016.09.02 09:00:18.102,1.30055,1.30075,1.50,1.00
2016.09.02 09:00:18.222,1.30055,1.30075,1.37,1.00
2016.09.02 09:00:18.274,1.30056,1.30075,1.00,1.00
2016.09.02 09:00:18.478,1.30055,1.30075,1.75,1.00
2016.09.02 09:00:18.676,1.30055,1.30076,1.50,1.00
2016.09.02 09:00:18.830,1.30059,1.30078,1.00,1.00
2016.09.02 09:00:18.933,1.30061,1.30082,1.00,1.62
2016.09.02 09:00:18.986,1.30061,1.30082,1.00,1.62
2016.09.02 09:00:19.038,1.3006,1.3008,1.00,1.00
2016.09.02 09:00:19.243,1.3006,1.3008,1.00,1.56
2016.09.02 09:00:21.449,1.30062,1.30082,1.00,2.25
2016.09.02 09:00:21.552,1.30062,1.30082,1.00,1.00
2016.09.02 09:00:21.603,1.30063,1.30083,1.00,1.00
2016.09.02 09:00:24.677,1.30063,1.30083,1.00,1.12
2016.09.02 09:00:24.728,1.3006,1.3008,1.00,1.00
2016.09.02 09:00:25.380,1.3006,1.3008,1.12,1.00
2016.09.02 09:00:25.786,1.3006,1.3008,1.37,1.00
2016.09.02 09:00:25.837,1.3006,1.30082,1.37,1.00
2016.09.02 09:00:25.954,1.30061,1.30085,1.50,2.62
2016.09.02 09:00:26.005,1.30061,1.30085,1.50,1.12
2016.09.02 09:00:26.056,1.30062,1.30084,1.00,1.00
2016.09.02 09:00:26.260,1.30061,1.30083,1.12,1.00
2016.09.02 09:00:27.262,1.30061,1.30083,1.50,1.00
2016.09.02 09:00:27.313,1.30061,1.30083,1.87,1.00
2016.09.02 09:00:27.569,1.30061,1.30083,1.50,1.00
2016.09.02 09:00:27.621,1.30061,1.30083,1.12,1.00
2016.09.02 09:00:27.892,1.30061,1.30083,1.87,1.00
2016.09.02 09:00:28.045,1.30062,1.30084,1.12,1.00
2016.09.02 09:00:28.097,1.30062,1.30084,1.37,1.00
2016.09.02 09:00:28.149,1.30067,1.30085,1.00,1.12
2016.09.02 09:00:28.201,1.30067,1.30087,1.12,1.50
2016.09.02 09:00:28.253,1.3007,1.30088,1.00,1.75
2016.09.02 09:00:28.304,1.3007,1.30089,1.00,1.75
2016.09.02 09:00:28.355,1.30069,1.30091,1.12,1.37
2016.09.02 09:00:28.406,1.30069,1.30091,1.50,1.00
2016.09.02 09:00:28.735,1.30072,1.30093,1.00,1.87
2016.09.02 09:00:28.786,1.30072,1.30093,1.00,1.37
2016.09.02 09:00:28.837,1.30068,1.30094,1.12,1.37
2016.09.02 09:00:28.889,1.30067,1.30093,1.12,1.37
2016.09.02 09:00:28.940,1.30067,1.30093,1.12,1.75
2016.09.02 09:00:28.991,1.30066,1.30089,1.87,1.37
2016.09.02 09:00:29.042,1.30065,1.30089,1.50,1.50
2016.09.02 09:00:29.093,1.30065,1.30089,1.50,1.50
2016.09.02 09:00:29.144,1.30064,1.30089,1.37,2.62
2016.09.02 09:00:29.195,1.30062,1.30088,2.25,1.37
2016.09.02 09:00:29.247,1.30062,1.30088,1.50,1.37
2016.09.02 09:00:29.600,1.30062,1.30089,1.87,1.87
2016.09.02 09:00:29.651,1.30064,1.30087,1.37,1.37
2016.09.02 09:00:29.702,1.30064,1.30087,1.12,1.37
2016.09.02 09:00:29.874,1.30064,1.30087,1.00,1.37
2016.09.02 09:00:29.976,1.30064,1.30087,1.00,1.50
2016.09.02 09:00:30.181,1.30064,1.30086,1.00,1.00
2016.09.02 09:00:30.978,1.30064,1.30087,1.00,1.37
2016.09.02 09:00:31.030,1.30061,1.30083,1.87,1.00
2016.09.02 09:00:31.132,1.30061,1.30081,1.87,1.00
2016.09.02 09:00:31.262,1.3006,1.3008,1.87,1.00
2016.09.02 09:00:31.313,1.3006,1.3008,1.50,1.00
2016.09.02 09:00:31.705,1.3006,1.3008,1.00,1.00
2016.09.02 09:00:31.869,1.3006,1.30084,1.00,1.00
2016.09.02 09:00:31.921,1.3006,1.30086,1.37,4.50
2016.09.02 09:00:31.973,1.3006,1.30081,1.37,1.00
2016.09.02 09:00:32.025,1.30061,1.30081,1.00,1.00
2016.09.02 09:00:32.161,1.30062,1.30083,1.37,1.00
2016.09.02 09:00:32.716,1.30062,1.30083,1.00,1.00
2016.09.02 09:00:33.055,1.30062,1.30081,1.00,1.00
2016.09.02 09:00:33.430,1.3006,1.30081,1.50,1.00
2016.09.02 09:00:33.634,1.3006,1.30081,1.12,1.00
2016.09.02 09:00:33.813,1.3006,1.30081,1.00,1.00
2016.09.02 09:00:34.738,1.3006,1.3008,1.00,1.00
2016.09.02 09:00:35.210,1.3006,1.3008,1.50,1.00
2016.09.02 09:00:35.312,1.30061,1.3008,1.00,1.00
2016.09.02 09:00:35.414,1.3006,1.3008,1.75,1.00
2016.09.02 09:00:35.465,1.30062,1.30084,1.12,1.12
2016.09.02 09:00:35.582,1.30063,1.30082,1.00,1.00
2016.09.02 09:00:36.576,1.30062,1.30081,1.00,1.00
2016.09.02 09:00:37.086,1.30063,1.30082,1.00,1.00
2016.09.02 09:00:37.247,1.30061,1.30082,1.12,1.00
2016.09.02 09:00:37.380,1.30061,1.3008,1.50,1.00
2016.09.02 09:00:37.431,1.30061,1.3008,1.00,1.00
2016.09.02 09:00:37.940,1.3006,1.30079,1.00,1.00
2016.09.02 09:00:39.052,1.30058,1.30079,1.50,1.00
2016.09.02 09:00:39.445,1.30058,1.30079,1.37,1.00
2016.09.02 09:00:40.362,1.30059,1.30079,1.12,1.00
2016.09.02 09:00:41.288,1.30058,1.30079,1.50,1.00
2016.09.02 09:00:41.492,1.30058,1.30077,1.12,1.00
2016.09.02 09:00:41.543,1.30058,1.30077,1.00,1.00
2016.09.02 09:00:41.645,1.30058,1.30077,1.12,1.00
2016.09.02 09:00:41.748,1.30058,1.30077,1.00,1.00
2016.09.02 09:00:48.844,1.30058,1.30077,1.37,1.00
2016.09.02 09:00:50.163,1.30059,1.30078,1.12,1.00
2016.09.02 09:00:50.265,1.30059,1.30078,1.00,1.00
2016.09.02 09:00:51.066,1.30059,1.30078,1.12,1.00
2016.09.02 09:00:51.270,1.3006,1.30079,1.00,1.00
2016.09.02 09:00:52.463,1.30061,1.3008,1.00,1.00
2016.09.02 09:00:52.566,1.30062,1.30081,1.00,1.12
2016.09.02 09:00:52.668,1.30062,1.30083,1.12,1.75
2016.09.02 09:00:52.720,1.30062,1.30083,1.12,1.00
2016.09.02 09:00:52.872,1.30063,1.30083,1.00,1.00
2016.09.02 09:00:53.256,1.30062,1.30083,1.50,1.00
2016.09.02 09:00:53.359,1.30064,1.30083,1.00,1.00
2016.09.02 09:00:53.690,1.30064,1.30083,1.50,1.00
2016.09.02 09:00:53.792,1.30064,1.30085,1.50,1.00
2016.09.02 09:00:53.843,1.30064,1.30086,1.50,1.50
2016.09.02 09:00:53.895,1.30065,1.30087,1.75,1.37
2016.09.02 09:00:53.948,1.30065,1.30088,1.75,1.50
2016.09.02 09:00:54.088,1.30065,1.30086,1.75,1.00
2016.09.02 09:00:54.191,1.30067,1.30086,1.31,1.00
2016.09.02 09:00:54.242,1.30067,1.30086,1.25,1.00
2016.09.02 09:00:54.293,1.30067,1.30088,1.69,1.00
2016.09.02 09:00:54.345,1.30067,1.30088,2.06,1.00
2016.09.02 09:00:54.396,1.30072,1.30091,1.00,1.87
2016.09.02 09:00:54.448,1.30072,1.30091,1.00,1.00
2016.09.02 09:00:54.601,1.30072,1.30091,1.12,1.00
2016.09.02 09:00:54.652,1.30072,1.30091,1.50,1.00
2016.09.02 09:00:54.703,1.30072,1.30091,1.12,1.00
2016.09.02 09:00:55.493,1.30072,1.30093,1.69,1.00
2016.09.02 09:00:56.310,1.30072,1.30093,2.06,1.00
2016.09.02 09:00:58.364,1.30072,1.30093,2.44,1.00
2016.09.02 09:00:58.415,1.30072,1.30095,2.44,1.50
2016.09.02 09:00:58.517,1.30073,1.30093,1.87,1.00
2016.09.02 09:00:58.568,1.30073,1.30093,2.81,1.00
2016.09.02 09:00:58.620,1.30074,1.30096,1.94,1.12
2016.09.02 09:00:58.773,1.30075,1.30099,1.69,3.37
2016.09.02 09:00:58.874,1.30075,1.30097,1.56,1.37
2016.09.02 09:00:58.925,1.30075,1.30097,2.06,1.37
2016.09.02 09:00:59.079,1.30075,1.30097,2.06,1.50
2016.09.02 09:00:59.130,1.30075,1.30097,1.56,1.50
2016.09.02 09:00:59.232,1.30075,1.30097,1.56,2.25
2016.09.02 09:00:59.465,1.30075,1.30097,1.56,1.87
2016.09.02 09:00:59.516,1.30079,1.30099,1.00,2.25
2016.09.02 09:00:59.567,1.30079,1.30099,1.00,1.00
2016.09.02 09:00:59.670,1.30079,1.30101,1.00,1.50
2016.09.02 09:00:59.874,1.30079,1.30101,1.00,1.37
2016.09.02 09:01:00.409,1.3008,1.30099,1.00,1.00
2016.09.02 09:01:00.512,1.3008,1.30099,1.00,1.50
2016.09.02 09:01:01.084,1.30078,1.30099,1.12,1.50
2016.09.02 09:01:03.013,1.30078,1.30099,1.12,1.00
2016.09.02 09:01:03.522,1.3008,1.30099,1.00,1.00
2016.09.02 09:01:04.384,1.30082,1.30101,1.00,1.00
2016.09.02 09:01:04.486,1.30083,1.30104,1.00,1.50
2016.09.02 09:01:04.537,1.30083,1.30104,1.00,1.00
2016.09.02 09:01:04.589,1.30086,1.30106,1.00,1.37
2016.09.02 09:01:04.691,1.30085,1.30104,1.00,1.50
2016.09.02 09:01:04.743,1.30084,1.30104,1.12,1.50
2016.09.02 09:01:04.910,1.30082,1.30101,2.81,1.00
2016.09.02 09:01:05.079,1.30082,1.30101,2.25,1.00
2016.09.02 09:01:05.234,1.30083,1.30104,2.25,1.50
2016.09.02 09:01:05.286,1.30085,1.30104,1.00,1.00
2016.09.02 09:01:05.594,1.30083,1.30104,1.00,1.50
2016.09.02 09:01:05.697,1.30083,1.30104,1.00,1.00
2016.09.02 09:01:07.335,1.30083,1.30104,1.00,1.50
2016.09.02 09:01:07.437,1.30083,1.30104,1.00,1.00
2016.09.02 09:01:07.590,1.30088,1.30108,1.00,1.87
2016.09.02 09:01:07.642,1.30088,1.30108,1.00,1.37
2016.09.02 09:01:07.693,1.30086,1.30106,2.81,1.00
2016.09.02 09:01:07.809,1.30086,1.30106,2.06,1.00
2016.09.02 09:01:07.860,1.30086,1.30106,2.81,1.00
2016.09.02 09:01:08.116,1.30086,1.30106,1.87,1.00
2016.09.02 09:01:08.740,1.30086,1.30106,1.12,1.00
2016.09.02 09:01:08.791,1.30086,1.30106,1.00,1.00
2016.09.02 09:01:09.830,1.30086,1.30106,1.00,1.12
2016.09.02 09:01:09.932,1.30082,1.30104,2.25,1.00
2016.09.02 09:01:09.984,1.30082,1.30104,2.62,1.00
2016.09.02 09:01:10.035,1.30083,1.30104,1.00,1.00
2016.09.02 09:01:10.223,1.30082,1.30104,2.25,1.00
2016.09.02 09:01:10.275,1.30082,1.30104,1.87,1.00
2016.09.02 09:01:10.326,1.30082,1.30104,2.25,1.00
2016.09.02 09:01:10.376,1.30082,1.30104,2.62,1.00
2016.09.02 09:01:11.334,1.30082,1.30103,2.62,1.00
2016.09.02 09:01:14.410,1.30083,1.30103,1.37,1.00
2016.09.02 09:01:16.421,1.30083,1.30103,1.37,1.00
2016.09.02 09:01:17.295,1.30084,1.30103,1.00,1.00
2016.09.02 09:01:17.364,1.30084,1.30103,1.50,1.00
2016.09.02 09:01:19.348,1.30084,1.30104,1.50,1.50
2016.09.02 09:01:19.551,1.30084,1.30104,1.50,1.00
2016.09.02 09:01:19.603,1.30084,1.30104,2.06,1.00
2016.09.02 09:01:19.654,1.30084,1.30104,2.06,1.50
2016.09.02 09:01:19.705,1.30085,1.30104,1.00,1.50
2016.09.02 09:01:20.108,1.30085,1.30104,1.00,1.00
2016.09.02 09:01:20.159,1.30085,1.30105,1.12,1.00
2016.09.02 09:01:20.433,1.30085,1.30105,1.00,1.00
2016.09.02 09:01:21.204,1.30086,1.30105,1.00,1.00
2016.09.02 09:01:21.307,1.30084,1.30106,1.12,1.12
2016.09.02 09:01:21.483,1.30084,1.30106,1.69,1.12
2016.09.02 09:01:21.806,1.30086,1.30105,1.00,1.00
2016.09.02 09:01:21.909,1.30084,1.30106,1.31,1.12
2016.09.02 09:01:22.011,1.30084,1.30106,1.31,1.50
2016.09.02 09:01:22.062,1.30084,1.30106,1.31,1.37
2016.09.02 09:01:22.113,1.30084,1.30106,1.00,1.00
2016.09.02 09:01:22.427,1.30085,1.30104,1.00,1.00
2016.09.02 09:01:23.874,1.30085,1.30104,1.00,1.50
2016.09.02 09:01:23.925,1.30084,1.30103,1.00,1.00
2016.09.02 09:01:24.337,1.30085,1.30103,1.00,1.00
2016.09.02 09:01:24.440,1.30086,1.30103,1.00,1.12
2016.09.02 09:01:24.542,1.30086,1.30102,1.00,1.00
2016.09.02 09:01:25.458,1.30086,1.30104,1.00,1.00
2016.09.02 09:01:25.680,1.30084,1.30104,1.00,1.00
2016.09.02 09:01:26.147,1.30083,1.30104,1.00,1.37
2016.09.02 09:01:26.198,1.30083,1.30103,1.00,1.00
2016.09.02 09:01:26.842,1.30084,1.30103,1.00,1.00
2016.09.02 09:01:26.996,1.30084,1.30104,1.31,1.37
2016.09.02 09:01:27.047,1.30085,1.30105,1.00,1.50
2016.09.02 09:01:27.149,1.30085,1.30106,1.87,1.87
2016.09.02 09:01:27.200,1.30085,1.30106,2.44,1.50
2016.09.02 09:01:27.314,1.30085,1.30106,2.44,1.12
2016.09.02 09:01:27.438,1.30085,1.30106,1.69,1.12
2016.09.02 09:01:27.545,1.30086,1.30106,1.31,1.12
2016.09.02 09:01:27.648,1.30086,1.30105,1.31,1.00
2016.09.02 09:01:28.252,1.30086,1.30105,2.06,1.00
2016.09.02 09:01:28.354,1.30091,1.30107,1.00,1.00
2016.09.02 09:01:28.450,1.30091,1.30108,1.50,1.12
2016.09.02 09:01:28.502,1.30091,1.30112,2.44,1.00
2016.09.02 09:01:28.554,1.30091,1.30112,2.06,1.12
2016.09.02 09:01:28.605,1.30091,1.30112,1.12,1.00
2016.09.02 09:01:28.659,1.30091,1.3011,1.50,1.00
2016.09.02 09:01:28.761,1.30091,1.3011,2.25,1.00
2016.09.02 09:01:28.965,1.30091,1.3011,1.50,1.00
2016.09.02 09:01:29.067,1.30091,1.30111,1.00,1.00
2016.09.02 09:01:29.169,1.30091,1.30109,1.00,1.00
2016.09.02 09:01:30.365,1.30095,1.30109,1.00,1.00
2016.09.02 09:01:30.468,1.30091,1.30109,1.00,1.00
2016.09.02 09:01:30.980,1.3009,1.30109,1.00,1.00
2016.09.02 09:01:31.863,1.3009,1.30109,1.50,1.00
2016.09.02 09:01:31.965,1.3009,1.30109,1.87,1.00
2016.09.02 09:01:32.017,1.3009,1.30109,2.25,1.00
2016.09.02 09:01:32.068,1.3009,1.30109,1.87,1.00
2016.09.02 09:01:32.206,1.3009,1.30109,1.50,1.00
2016.09.02 09:01:32.269,1.3009,1.30111,2.25,1.00
2016.09.02 09:01:32.473,1.3009,1.3011,1.50,1.00
2016.09.02 09:01:32.627,1.3009,1.3011,1.75,1.00
2016.09.02 09:01:32.730,1.30091,1.3011,1.37,1.00
2016.09.02 09:01:33.124,1.3009,1.3011,3.00,1.00
2016.09.02 09:01:33.642,1.30091,1.3011,1.87,1.00
2016.09.02 09:01:34.319,1.30091,1.3011,1.50,1.00
2016.09.02 09:01:34.370,1.30095,1.30113,1.12,1.00
2016.09.02 09:01:34.472,1.30095,1.30115,1.00,1.12
2016.09.02 09:01:34.523,1.30095,1.30115,1.00,1.00
2016.09.02 09:01:34.574,1.30096,1.30113,1.00,1.00
2016.09.02 09:01:34.880,1.30096,1.30115,1.00,1.00
2016.09.02 09:01:35.347,1.30096,1.30117,1.00,1.50
2016.09.02 09:01:35.449,1.30096,1.30116,1.12,1.00
2016.09.02 09:01:35.654,1.30096,1.30116,1.00,1.00
2016.09.02 09:01:35.756,1.30095,1.30111,1.12,1.00
2016.09.02 09:01:35.808,1.30095,1.30111,1.00,1.00
2016.09.02 09:01:35.982,1.30091,1.30107,1.00,1.00
2016.09.02 09:01:36.497,1.3009,1.30109,1.00,1.00
2016.09.02 09:01:36.995,1.30091,1.3011,1.37,1.00
2016.09.02 09:01:37.097,1.30095,1.3011,1.00,1.00
2016.09.02 09:01:37.199,1.30091,1.30109,1.12,1.00
2016.09.02 09:01:37.269,1.30091,1.30112,1.00,1.00
2016.09.02 09:01:37.371,1.30091,1.30113,1.12,1.12
2016.09.02 09:01:37.527,1.30091,1.30113,1.50,1.00
2016.09.02 09:01:37.754,1.30091,1.30113,2.25,1.00
2016.09.02 09:01:37.958,1.30093,1.30113,1.00,1.00
2016.09.02 09:01:38.951,1.30091,1.30113,2.25,1.00
2016.09.02 09:01:39.054,1.30091,1.30112,1.50,1.00
2016.09.02 09:01:39.105,1.3009,1.30112,3.00,1.12
2016.09.02 09:01:39.156,1.3009,1.30112,2.62,1.00
2016.09.02 09:01:39.207,1.3009,1.30112,2.25,1.00
2016.09.02 09:01:39.312,1.30091,1.30112,1.00,1.00
2016.09.02 09:01:39.363,1.30091,1.30112,1.12,1.00
2016.09.02 09:01:39.499,1.30091,1.30112,1.75,1.00
2016.09.02 09:01:39.884,1.30091,1.30112,1.37,1.00
2016.09.02 09:01:39.937,1.3009,1.30112,2.25,1.00
2016.09.02 09:01:40.012,1.3009,1.30112,1.87,1.00
2016.09.02 09:01:40.181,1.30091,1.3011,1.00,1.00
2016.09.02 09:01:40.691,1.3009,1.3011,1.00,1.00
2016.09.02 09:01:40.946,1.3009,1.30109,1.12,1.00
2016.09.02 09:01:41.090,1.3009,1.30108,1.00,1.00
2016.09.02 09:01:41.705,1.30091,1.30108,1.00,1.00
2016.09.02 09:01:41.993,1.30089,1.30108,1.12,1.00
2016.09.02 09:01:42.196,1.30091,1.3011,1.00,1.00
2016.09.02 09:01:42.478,1.30088,1.3011,1.12,1.00
2016.09.02 09:01:42.529,1.30088,1.3011,1.50,1.00
2016.09.02 09:01:42.826,1.30088,1.3011,1.12,1.00
2016.09.02 09:01:44.178,1.30087,1.30108,1.50,1.00
2016.09.02 09:01:44.280,1.30087,1.3011,1.50,1.87
2016.09.02 09:01:44.331,1.30087,1.3011,1.75,2.25
2016.09.02 09:01:44.465,1.30091,1.30108,1.00,1.00
2016.09.02 09:01:44.516,1.30087,1.30108,1.75,1.00
2016.09.02 09:01:44.567,1.30089,1.30108,1.00,1.00
2016.09.02 09:01:44.618,1.30087,1.30108,2.25,1.00
2016.09.02 09:01:44.669,1.30087,1.30108,1.87,1.00
2016.09.02 09:01:44.794,1.30087,1.3011,1.87,1.50
2016.09.02 09:01:45.235,1.30087,1.3011,2.25,1.50
2016.09.02 09:01:45.381,1.30091,1.3011,1.00,1.50
2016.09.02 09:01:46.332,1.30091,1.3011,1.00,1.00
2016.09.02 09:01:46.472,1.30091,1.30111,1.00,1.50
2016.09.02 09:01:47.071,1.30088,1.30111,1.50,1.50
2016.09.02 09:01:47.518,1.30088,1.30111,2.06,1.50
2016.09.02 09:01:47.570,1.30089,1.30111,1.62,1.50
2016.09.02 09:01:47.621,1.3009,1.3011,1.12,1.00
2016.09.02 09:01:47.806,1.3009,1.3011,1.37,1.00
2016.09.02 09:01:47.857,1.3009,1.3011,1.75,1.00
2016.09.02 09:01:48.016,1.3009,1.3011,2.25,1.00
2016.09.02 09:01:48.452,1.30093,1.3011,1.00,1.00
2016.09.02 09:01:48.504,1.30093,1.30112,1.00,1.00
2016.09.02 09:01:49.122,1.3009,1.30112,2.81,1.00
2016.09.02 09:01:49.225,1.3009,1.30112,2.25,1.00
2016.09.02 09:01:49.523,1.3009,1.30112,1.87,1.00
2016.09.02 09:01:49.574,1.3009,1.30112,1.50,1.00
2016.09.02 09:01:49.625,1.3009,1.3011,1.00,1.00
2016.09.02 09:01:50.092,1.3009,1.30111,1.50,1.00
2016.09.02 09:01:50.144,1.3009,1.30111,2.06,1.00
2016.09.02 09:01:50.195,1.30091,1.30111,1.00,1.00
2016.09.02 09:01:50.913,1.30091,1.30111,1.31,1.00
2016.09.02 09:01:51.519,1.30091,1.30111,2.44,1.00
2016.09.02 09:01:51.570,1.30092,1.30111,1.00,1.00
2016.09.02 09:01:52.081,1.30092,1.30112,1.00,1.00
2016.09.02 09:01:52.234,1.30091,1.30112,2.81,1.00
2016.09.02 09:01:53.285,1.30092,1.30112,1.50,1.00
2016.09.02 09:01:53.336,1.30092,1.30112,2.06,1.00
2016.09.02 09:01:54.201,1.30092,1.30111,1.62,1.00
2016.09.02 09:01:54.318,1.30092,1.30112,1.25,1.00
2016.09.02 09:01:54.369,1.30091,1.30112,2.81,1.00
2016.09.02 09:01:54.894,1.30096,1.30112,1.00,1.00
2016.09.02 09:01:55.917,1.30096,1.3011,1.00,1.00
2016.09.02 09:01:56.395,1.30091,1.3011,1.31,1.00
2016.09.02 09:01:56.946,1.30091,1.30111,1.31,1.00
2016.09.02 09:01:57.884,1.30091,1.30111,2.06,1.00
2016.09.02 09:01:58.300,1.30092,1.30112,1.00,1.00
2016.09.02 09:01:58.351,1.30092,1.30112,1.12,1.00
2016.09.02 09:01:58.402,1.30093,1.30114,1.00,1.50
2016.09.02 09:01:58.555,1.30093,1.30114,1.37,1.12
2016.09.02 09:01:58.720,1.30094,1.30116,1.17,1.87
2016.09.02 09:01:58.771,1.30093,1.30116,2.75,1.12
2016.09.02 09:01:58.822,1.30096,1.30115,1.00,1.00
2016.09.02 09:01:58.925,1.30096,1.30118,1.00,1.75
2016.09.02 09:01:59.291,1.30096,1.30118,1.00,1.75
2016.09.02 09:01:59.785,1.30096,1.30118,1.37,1.75
2016.09.02 09:01:59.876,1.30096,1.30118,1.50,2.25
2016.09.02 09:01:59.928,1.30096,1.30118,1.50,1.75
2016.09.02 09:02:00.387,1.30096,1.30118,2.25,1.75
2016.09.02 09:02:00.439,1.30096,1.30118,2.75,1.75
2016.09.02 09:02:00.491,1.30101,1.30119,1.00,1.37
2016.09.02 09:02:00.544,1.30101,1.3012,1.00,1.00
2016.09.02 09:02:00.697,1.30105,1.30121,1.00,1.37
2016.09.02 09:02:00.877,1.30105,1.30121,1.00,1.00
2016.09.02 09:02:01.386,1.30105,1.30122,1.00,1.00
2016.09.02 09:02:02.238,1.30101,1.30122,2.25,1.00
2016.09.02 09:02:02.505,1.30103,1.30122,1.00,1.00
2016.09.02 09:02:02.706,1.30101,1.30123,2.25,1.12
2016.09.02 09:02:03.892,1.30105,1.30123,1.00,1.12
2016.09.02 09:02:05.237,1.30105,1.30122,1.00,1.00
2016.09.02 09:02:05.288,1.30105,1.30122,1.00,1.37
2016.09.02 09:02:05.339,1.30105,1.30118,1.00,1.00
2016.09.02 09:02:05.638,1.30111,1.30125,1.00,1.00
2016.09.02 09:02:05.843,1.30106,1.30129,2.00,1.50
2016.09.02 09:02:05.895,1.30106,1.30129,2.00,1.12
2016.09.02 09:02:05.997,1.3011,1.3013,1.00,1.87
2016.09.02 09:02:06.201,1.3011,1.3013,1.00,2.25
2016.09.02 09:02:06.302,1.30106,1.30129,2.00,1.12
2016.09.02 09:02:06.424,1.30106,1.30129,1.63,1.12
2016.09.02 09:02:06.475,1.30106,1.30129,1.25,1.12
2016.09.02 09:02:06.526,1.30106,1.30125,1.25,1.00
2016.09.02 09:02:06.679,1.30106,1.30125,1.50,1.00
2016.09.02 09:02:07.175,1.30106,1.30125,1.88,1.00
2016.09.02 09:02:07.697,1.30105,1.30125,3.13,1.00
2016.09.02 09:02:09.024,1.30105,1.30125,3.47,1.00
2016.09.02 09:02:09.075,1.30106,1.30125,1.25,1.00
2016.09.02 09:02:09.126,1.30107,1.30127,1.97,1.00
2016.09.02 09:02:09.177,1.3011,1.30127,1.17,1.00
2016.09.02 09:02:09.230,1.30109,1.30129,1.50,1.50
2016.09.02 09:02:09.418,1.3011,1.30129,2.00,1.00
2016.09.02 09:02:09.470,1.3011,1.3013,2.75,1.00
2016.09.02 09:02:09.521,1.30111,1.3013,1.12,1.00
2016.09.02 09:02:09.623,1.30116,1.3013,1.00,1.00
2016.09.02 09:02:09.725,1.3011,1.30128,1.63,1.00
2016.09.02 09:02:09.827,1.3011,1.30128,1.25,1.00
2016.09.02 09:02:09.879,1.3011,1.30128,1.00,1.00
2016.09.02 09:02:10.029,1.30111,1.3013,1.00,1.00
2016.09.02 09:02:10.192,1.3011,1.30129,1.12,1.00
2016.09.02 09:02:10.243,1.3011,1.30131,1.12,1.00
2016.09.02 09:02:10.294,1.3011,1.30131,1.50,1.00
2016.09.02 09:02:10.346,1.30111,1.3013,1.12,1.00
2016.09.02 09:02:10.448,1.30111,1.30132,1.87,1.00
2016.09.02 09:02:10.500,1.30111,1.30132,2.62,1.00
2016.09.02 09:02:10.674,1.30111,1.30132,2.25,1.00
2016.09.02 09:02:11.172,1.30111,1.30132,2.62,1.00
2016.09.02 09:02:11.626,1.30112,1.30132,1.00,1.00
2016.09.02 09:02:11.728,1.30111,1.30131,2.62,1.00
2016.09.02 09:02:12.073,1.30111,1.30131,2.25,1.00
2016.09.02 09:02:12.551,1.30112,1.30132,1.12,1.00
2016.09.02 09:02:13.326,1.30112,1.30132,1.37,1.00
2016.09.02 09:02:13.377,1.30113,1.30134,1.12,1.12
2016.09.02 09:02:13.429,1.30117,1.30136,1.00,1.12
2016.09.02 09:02:13.574,1.30117,1.30136,1.00,1.00
2016.09.02 09:02:13.677,1.30114,1.30134,1.00,1.00
2016.09.02 09:02:13.729,1.30113,1.30134,2.62,1.00
2016.09.02 09:02:13.831,1.30113,1.30134,2.25,1.00
2016.09.02 09:02:13.882,1.30113,1.30134,1.50,1.00
2016.09.02 09:02:13.933,1.30113,1.30134,1.00,1.12
2016.09.02 09:02:14.264,1.30112,1.30132,1.00,1.00
2016.09.02 09:02:14.752,1.30112,1.30132,2.00,1.00
2016.09.02 09:02:14.853,1.30112,1.30132,1.55,1.00
2016.09.02 09:02:15.177,1.30111,1.30132,2.00,1.00
2016.09.02 09:02:15.608,1.30111,1.30132,1.25,1.00
2016.09.02 09:02:15.848,1.30111,1.30132,2.00,1.00
2016.09.02 09:02:16.003,1.30111,1.30132,1.88,1.00
2016.09.02 09:02:16.054,1.30112,1.3013,1.17,1.00
2016.09.02 09:02:16.684,1.30111,1.3013,1.37,1.00
2016.09.02 09:02:16.736,1.30109,1.3013,2.00,1.00
2016.09.02 09:02:16.840,1.3011,1.3013,1.12,1.00
2016.09.02 09:02:16.944,1.30111,1.3013,1.00,1.00
2016.09.02 09:02:17.160,1.30111,1.30131,1.12,1.12
2016.09.02 09:02:17.416,1.30111,1.30131,1.00,1.12
2016.09.02 09:02:17.594,1.30113,1.30133,1.12,1.37
2016.09.02 09:02:17.646,1.30114,1.30135,1.00,1.87
2016.09.02 09:02:17.749,1.30113,1.30134,1.37,1.00
2016.09.02 09:02:19.470,1.30113,1.30134,1.00,1.00
2016.09.02 09:02:19.574,1.30113,1.30134,1.37,1.00
2016.09.02 09:02:19.626,1.30113,1.30134,1.50,1.00
2016.09.02 09:02:19.678,1.30114,1.30133,1.12,1.00
2016.09.02 09:02:19.806,1.30114,1.30133,1.50,1.00
2016.09.02 09:02:19.858,1.30113,1.30136,1.75,1.50
2016.09.02 09:02:20.164,1.30113,1.30135,1.75,1.00
2016.09.02 09:02:20.571,1.30112,1.30136,2.25,1.00
2016.09.02 09:02:20.656,1.30112,1.30136,1.75,1.00
2016.09.02 09:02:20.873,1.30112,1.30135,1.75,1.00
2016.09.02 09:02:20.924,1.30115,1.30135,1.37,1.00
2016.09.02 09:02:20.975,1.30115,1.30136,1.37,1.00
2016.09.02 09:02:21.078,1.30115,1.30136,1.00,1.00
2016.09.02 09:02:21.129,1.30114,1.30136,1.50,1.00
2016.09.02 09:02:21.646,1.30114,1.30136,1.50,1.50
2016.09.02 09:02:22.389,1.30115,1.30136,1.12,1.50
2016.09.02 09:02:22.607,1.30115,1.30136,1.12,1.00
2016.09.02 09:02:22.658,1.30115,1.30136,1.87,1.56
2016.09.02 09:02:23.129,1.30115,1.30136,1.12,1.56
2016.09.02 09:02:23.488,1.30115,1.30134,1.12,1.00
2016.09.02 09:02:23.590,1.30114,1.30137,1.50,2.06
2016.09.02 09:02:23.723,1.30115,1.30137,1.12,2.06
2016.09.02 09:02:23.775,1.30115,1.30135,1.12,2.06
2016.09.02 09:02:23.878,1.30115,1.30135,1.12,1.50
2016.09.02 09:02:24.227,1.30115,1.30135,1.12,1.00
2016.09.02 09:02:24.277,1.30117,1.30136,1.00,1.50
2016.09.02 09:02:24.379,1.30116,1.30136,1.00,1.50
2016.09.02 09:02:27.148,1.30116,1.30136,1.00,1.00
2016.09.02 09:02:27.200,1.30117,1.30139,1.75,2.44
2016.09.02 09:02:27.269,1.30117,1.30138,1.75,1.00
2016.09.02 09:02:27.322,1.30117,1.30138,1.37,1.00
2016.09.02 09:02:27.374,1.30121,1.30137,1.00,1.00
2016.09.02 09:02:27.518,1.30121,1.30139,1.00,1.50
2016.09.02 09:02:27.570,1.30117,1.30136,1.12,1.00
2016.09.02 09:02:27.693,1.30117,1.30136,1.00,1.00
2016.09.02 09:02:27.896,1.30116,1.30136,1.12,1.50
2016.09.02 09:02:27.947,1.30116,1.30135,1.12,1.00
2016.09.02 09:02:27.998,1.30116,1.30135,1.00,1.00
2016.09.02 09:02:28.109,1.30116,1.30135,1.00,1.50
2016.09.02 09:02:28.338,1.30116,1.30135,1.00,1.00
2016.09.02 09:02:28.631,1.30121,1.30135,1.00,1.50
2016.09.02 09:02:28.831,1.30121,1.30135,1.00,1.00
2016.09.02 09:02:30.154,1.30116,1.30135,1.50,1.00
2016.09.02 09:02:30.206,1.30117,1.30136,1.00,1.00
2016.09.02 09:02:30.309,1.30118,1.30138,1.00,1.00
2016.09.02 09:02:30.699,1.30117,1.30137,1.00,1.00
2016.09.02 09:02:32.230,1.30117,1.30137,1.00,1.00
2016.09.02 09:02:33.678,1.30117,1.30139,1.00,1.87
2016.09.02 09:02:34.312,1.30117,1.30139,1.00,2.25
2016.09.02 09:02:34.406,1.30117,1.30139,1.00,2.62
2016.09.02 09:02:34.559,1.30121,1.30138,1.00,1.00
2016.09.02 09:02:34.610,1.30121,1.30136,1.00,1.00
2016.09.02 09:02:34.872,1.30121,1.30136,1.00,1.50
2016.09.02 09:02:35.353,1.30121,1.30136,1.00,1.00
2016.09.02 09:02:35.907,1.30121,1.30137,1.00,1.00
2016.09.02 09:02:37.536,1.30117,1.30137,1.00,1.00
2016.09.02 09:02:37.688,1.30116,1.30136,1.00,1.87
2016.09.02 09:02:37.824,1.30115,1.30136,1.00,1.00
2016.09.02 09:02:37.876,1.30116,1.30138,1.00,1.12
2016.09.02 09:02:37.929,1.30117,1.30137,1.00,1.00
2016.09.02 09:02:37.980,1.30117,1.30137,1.00,1.12
2016.09.02 09:02:38.237,1.30117,1.30137,1.00,1.50
2016.09.02 09:02:38.289,1.30116,1.30136,1.00,1.00
2016.09.02 09:02:38.340,1.30115,1.30136,1.00,1.00
2016.09.02 09:02:38.391,1.30113,1.30133,2.62,1.00
2016.09.02 09:02:38.442,1.30113,1.30133,1.50,1.00
2016.09.02 09:02:38.544,1.30113,1.30133,1.00,1.00
2016.09.02 09:02:39.419,1.30115,1.30135,1.00,1.50
2016.09.02 09:02:39.713,1.30115,1.30135,1.00,1.00
2016.09.02 09:02:40.537,1.30114,1.30133,1.00,1.00
2016.09.02 09:02:40.687,1.30114,1.30133,1.00,1.56
2016.09.02 09:02:40.738,1.3011,1.30129,1.87,1.00
2016.09.02 09:02:40.789,1.30108,1.30128,2.25,1.00
2016.09.02 09:02:40.840,1.30108,1.30128,1.12,1.00
2016.09.02 09:02:40.891,1.30108,1.3013,1.12,1.87
2016.09.02 09:02:40.943,1.30108,1.3013,1.12,2.25
2016.09.02 09:02:40.994,1.30108,1.30127,1.00,1.00
2016.09.02 09:02:41.096,1.30105,1.30127,1.50,1.00
2016.09.02 09:02:41.148,1.30105,1.30127,1.50,1.50
2016.09.02 09:02:41.199,1.30106,1.30125,1.00,1.00
2016.09.02 09:02:42.111,1.30105,1.30124,1.00,1.00
2016.09.02 09:02:43.011,1.30105,1.30124,1.37,1.00
2016.09.02 09:02:43.113,1.30108,1.30127,1.00,1.12
2016.09.02 09:02:43.336,1.30109,1.3013,1.00,1.75
2016.09.02 09:02:43.387,1.3011,1.3013,1.00,1.12
2016.09.02 09:02:43.493,1.3011,1.30128,1.00,1.00
2016.09.02 09:02:45.547,1.30108,1.30128,1.50,1.00
2016.09.02 09:02:47.118,1.30108,1.30128,1.12,1.00
2016.09.02 09:02:47.171,1.30108,1.30128,1.00,1.00
2016.09.02 09:02:47.738,1.30106,1.30126,2.25,1.00
2016.09.02 09:02:47.840,1.30106,1.30125,2.62,1.00
2016.09.02 09:02:47.892,1.30106,1.30125,1.87,1.00
2016.09.02 09:02:47.943,1.30106,1.30126,1.37,1.00
2016.09.02 09:02:47.994,1.30105,1.30126,2.25,1.00
2016.09.02 09:02:48.045,1.30107,1.30126,1.00,1.00
2016.09.02 09:02:48.250,1.30105,1.30126,1.00,1.00
2016.09.02 09:02:48.840,1.30105,1.30127,1.00,1.50
2016.09.02 09:02:48.891,1.30105,1.30126,1.00,1.00
2016.09.02 09:02:49.463,1.30105,1.30125,1.00,1.00
2016.09.02 09:02:50.936,1.30103,1.30123,1.50,1.00
2016.09.02 09:02:50.988,1.30103,1.30123,1.00,1.00
2016.09.02 09:02:51.636,1.30103,1.30123,1.12,1.00
2016.09.02 09:02:52.048,1.30105,1.30124,1.37,1.00
2016.09.02 09:02:52.151,1.30104,1.30125,1.75,1.00
2016.09.02 09:02:52.254,1.30105,1.30125,1.00,1.00
2016.09.02 09:02:52.356,1.30101,1.30124,1.87,1.37
2016.09.02 09:02:52.458,1.30095,1.30116,3.37,1.00
2016.09.02 09:02:52.587,1.30095,1.30114,2.62,1.00
2016.09.02 09:02:52.638,1.30095,1.30114,1.87,1.00
2016.09.02 09:02:52.691,1.30096,1.30118,1.12,2.25
2016.09.02 09:02:52.743,1.30096,1.30114,1.12,1.00
2016.09.02 09:02:52.795,1.30094,1.30114,1.12,1.00
2016.09.02 09:02:52.846,1.30094,1.30114,1.00,1.37
2016.09.02 09:02:52.948,1.30093,1.30114,1.00,1.75
2016.09.02 09:02:53.102,1.30093,1.30114,1.00,2.25
2016.09.02 09:02:53.704,1.30093,1.30114,1.00,1.50
2016.09.02 09:02:53.755,1.30093,1.30113,1.00,1.00
2016.09.02 09:02:54.265,1.30094,1.30113,1.00,1.00
2016.09.02 09:02:54.862,1.30093,1.30115,1.00,1.50
2016.09.02 09:02:55.243,1.30093,1.30115,1.00,1.37
2016.09.02 09:02:55.368,1.30093,1.30115,1.12,1.00
2016.09.02 09:02:56.344,1.30093,1.30115,1.50,1.00
2016.09.02 09:02:56.745,1.30093,1.30115,1.12,1.00
2016.09.02 09:02:56.796,1.30093,1.30115,1.00,1.50
2016.09.02 09:02:56.898,1.30093,1.30115,1.00,1.00
2016.09.02 09:02:57.052,1.30097,1.30117,1.00,2.25
2016.09.02 09:02:57.103,1.30097,1.30117,1.00,1.00
2016.09.02 09:02:57.155,1.30099,1.3012,1.00,1.50
2016.09.02 09:02:57.308,1.30099,1.3012,1.12,1.00
2016.09.02 09:02:57.549,1.301,1.30119,1.00,1.00
2016.09.02 09:03:00.679,1.30099,1.30119,1.00,1.12
2016.09.02 09:03:01.067,1.30098,1.30118,1.00,1.00
2016.09.02 09:03:01.937,1.30096,1.30117,4.12,1.00
2016.09.02 09:03:01.988,1.301,1.30117,1.00,1.00
2016.09.02 09:03:02.137,1.301,1.30118,1.00,1.56
2016.09.02 09:03:02.188,1.30098,1.30118,1.00,1.56
2016.09.02 09:03:02.263,1.30096,1.30116,1.12,1.56
2016.09.02 09:03:02.314,1.30096,1.30116,1.00,1.56
2016.09.02 09:03:02.467,1.30096,1.30115,1.00,1.31
2016.09.02 09:03:02.836,1.30096,1.30118,1.00,1.31
2016.09.02 09:03:02.992,1.30096,1.30116,1.00,1.94
2016.09.02 09:03:03.044,1.30096,1.30114,1.00,1.00
2016.09.02 09:03:03.585,1.30096,1.30113,1.00,1.00
2016.09.02 09:03:06.576,1.30096,1.30114,1.00,1.00
2016.09.02 09:03:07.123,1.30095,1.30114,1.00,1.00
2016.09.02 09:03:07.637,1.30096,1.30114,1.00,1.00
2016.09.02 09:03:07.688,1.30096,1.30114,1.12,1.00
2016.09.02 09:03:07.739,1.30096,1.30114,1.50,1.00
2016.09.02 09:03:07.892,1.30096,1.30116,1.37,1.69
2016.09.02 09:03:07.994,1.30096,1.30116,1.50,1.69
2016.09.02 09:03:08.045,1.30096,1.30116,1.50,1.56
2016.09.02 09:03:08.396,1.30096,1.30116,1.87,2.06
2016.09.02 09:03:08.447,1.30096,1.30115,1.12,1.31
2016.09.02 09:03:08.498,1.30096,1.30115,1.00,1.31
2016.09.02 09:03:08.549,1.30096,1.30113,1.00,1.00
2016.09.02 09:03:08.601,1.30094,1.30113,1.12,1.00
2016.09.02 09:03:08.760,1.30093,1.30113,1.50,1.00
2016.09.02 09:03:08.862,1.30094,1.30114,1.12,1.00
2016.09.02 09:03:08.965,1.30093,1.30114,1.50,1.00
2016.09.02 09:03:09.067,1.30091,1.30114,3.00,1.00
2016.09.02 09:03:09.272,1.30092,1.30115,1.75,1.50
2016.09.02 09:03:09.323,1.30096,1.30115,1.00,1.00
2016.09.02 09:03:09.375,1.30094,1.30115,1.00,1.00
2016.09.02 09:03:09.600,1.30093,1.30115,1.75,1.00
2016.09.02 09:03:09.651,1.30093,1.30116,1.75,1.31
2016.09.02 09:03:09.702,1.30094,1.30116,1.00,1.31
2016.09.02 09:03:09.753,1.30094,1.30114,1.00,1.00
2016.09.02 09:03:10.177,1.30096,1.30115,1.00,1.00
2016.09.02 09:03:10.232,1.30096,1.30115,1.12,1.00
2016.09.02 09:03:10.590,1.30096,1.30115,1.50,1.00
2016.09.02 09:03:10.693,1.30096,1.30115,1.12,1.00
2016.09.02 09:03:10.746,1.30096,1.30115,1.37,1.00
2016.09.02 09:03:10.798,1.30096,1.30115,1.50,1.00
2016.09.02 09:03:10.948,1.30096,1.30113,1.50,1.00
2016.09.02 09:03:10.999,1.30095,1.30114,1.87,1.00
2016.09.02 09:03:11.103,1.30095,1.30114,2.25,1.00
2016.09.02 09:03:11.878,1.30095,1.30114,1.87,1.00
2016.09.02 09:03:11.930,1.30095,1.30114,1.50,1.00
2016.09.02 09:03:11.981,1.30091,1.30113,2.25,1.00
2016.09.02 09:03:13.156,1.30091,1.30113,3.00,1.00
2016.09.02 09:03:13.258,1.30092,1.30111,1.37,1.00
2016.09.02 09:03:14.158,1.30091,1.30112,2.25,1.00
2016.09.02 09:03:14.209,1.30091,1.30112,1.87,1.00
2016.09.02 09:03:14.261,1.30092,1.30111,1.12,1.00
2016.09.02 09:03:14.363,1.30091,1.3011,1.00,1.00
2016.09.02 09:03:14.909,1.3009,1.3011,1.00,1.00
2016.09.02 09:03:15.786,1.3009,1.3011,1.00,1.50
2016.09.02 09:03:15.837,1.3009,1.3011,1.00,1.50
2016.09.02 09:03:16.091,1.30089,1.30108,1.50,1.00
2016.09.02 09:03:16.143,1.30089,1.30108,1.50,1.00
2016.09.02 09:03:16.194,1.30089,1.30104,1.00,1.00
2016.09.02 09:03:16.246,1.30086,1.30104,1.00,1.00
2016.09.02 09:03:16.297,1.30083,1.30102,1.12,1.00
2016.09.02 09:03:16.349,1.30083,1.30102,1.50,1.00
2016.09.02 09:03:16.629,1.30083,1.30102,1.12,1.00
2016.09.02 09:03:17.332,1.30083,1.30102,1.37,1.00
2016.09.02 09:03:18.010,1.30082,1.30102,1.12,1.00
2016.09.02 09:03:18.274,1.30082,1.30102,1.87,1.00
2016.09.02 09:03:18.666,1.30086,1.30102,1.00,1.00
2016.09.02 09:03:18.872,1.30085,1.30105,1.87,1.00
2016.09.02 09:03:18.925,1.30085,1.30105,2.25,1.00
2016.09.02 09:03:18.976,1.3009,1.30108,1.50,1.00
2016.09.02 09:03:19.028,1.3009,1.3011,1.50,1.50
2016.09.02 09:03:19.079,1.3009,1.30111,1.50,2.25
2016.09.02 09:03:19.130,1.3009,1.30111,1.50,1.00
2016.09.02 09:03:19.390,1.30093,1.30112,1.00,1.00
2016.09.02 09:03:19.441,1.30093,1.30112,1.12,1.00
2016.09.02 09:03:19.493,1.30092,1.30114,1.50,1.50
2016.09.02 09:03:19.544,1.30092,1.30114,4.50,1.00
2016.09.02 09:03:19.595,1.30094,1.30118,1.31,1.50
2016.09.02 09:03:19.647,1.30097,1.30118,1.25,1.00
2016.09.02 09:03:19.698,1.30097,1.30119,1.25,1.50
2016.09.02 09:03:19.903,1.30097,1.30119,1.25,1.00
2016.09.02 09:03:19.955,1.30096,1.30119,1.62,1.00
2016.09.02 09:03:20.234,1.30096,1.30119,1.31,1.00
2016.09.02 09:03:20.296,1.30096,1.30119,1.25,1.00
2016.09.02 09:03:20.658,1.30095,1.30119,1.56,1.00
2016.09.02 09:03:20.710,1.30094,1.30119,1.94,1.00
2016.09.02 09:03:21.033,1.30095,1.30119,1.56,1.00
2016.09.02 09:03:21.084,1.30095,1.30119,1.00,1.00
2016.09.02 09:03:21.236,1.30094,1.30115,1.87,1.00
2016.09.02 09:03:22.427,1.30094,1.30115,1.50,1.00
2016.09.02 09:03:23.209,1.30094,1.30116,1.50,1.00
2016.09.02 09:03:23.442,1.30094,1.30116,2.06,1.00
2016.09.02 09:03:23.916,1.30094,1.30116,2.06,1.50
2016.09.02 09:03:24.017,1.30094,1.30115,2.06,1.00
2016.09.02 09:03:24.119,1.30095,1.30115,1.25,1.00
2016.09.02 09:03:24.170,1.30095,1.30115,1.31,1.00
2016.09.02 09:03:24.374,1.30095,1.30115,2.06,1.00
2016.09.02 09:03:24.539,1.30095,1.30115,1.69,1.00
2016.09.02 09:03:24.591,1.30095,1.30114,1.69,1.00
2016.09.02 09:03:25.273,1.30095,1.30114,2.44,1.00
2016.09.02 09:03:26.475,1.30095,1.30114,1.69,1.00
2016.09.02 09:03:26.767,1.30095,1.30114,1.31,1.00
2016.09.02 09:03:27.121,1.30094,1.30116,2.44,1.50
2016.09.02 09:03:27.174,1.30095,1.30116,1.25,1.50
2016.09.02 09:03:27.256,1.30095,1.30115,1.25,1.00
2016.09.02 09:03:27.723,1.30095,1.30116,1.25,1.50
2016.09.02 09:03:27.825,1.30095,1.30115,1.25,1.00
2016.09.02 09:03:28.568,1.30096,1.30115,1.12,1.00
2016.09.02 09:03:28.620,1.30096,1.30115,1.00,1.00
2016.09.02 09:03:28.722,1.30095,1.30117,1.69,1.00
2016.09.02 09:03:28.825,1.30096,1.30115,1.94,1.00
2016.09.02 09:03:28.877,1.30096,1.30115,1.00,1.00
2016.09.02 09:03:29.030,1.30096,1.30117,1.75,1.00
2016.09.02 09:03:29.132,1.30097,1.30116,1.50,1.00
2016.09.02 09:03:29.223,1.30098,1.30118,1.37,1.00
2016.09.02 09:03:29.428,1.30098,1.30118,1.75,1.00
2016.09.02 09:03:29.530,1.30096,1.30117,1.75,1.00
2016.09.02 09:03:29.633,1.30098,1.30118,1.00,1.00
2016.09.02 09:03:29.684,1.30097,1.30118,1.50,1.00
2016.09.02 09:03:29.786,1.30101,1.30119,1.00,1.00
2016.09.02 09:03:29.888,1.30097,1.30119,1.12,1.00
2016.09.02 09:03:29.939,1.30098,1.30119,1.00,1.00
2016.09.02 09:03:30.025,1.30098,1.30119,1.00,1.50
2016.09.02 09:03:30.076,1.30096,1.30118,1.87,1.00
2016.09.02 09:03:30.331,1.30098,1.30118,1.00,1.00
2016.09.02 09:03:30.880,1.30098,1.30117,1.00,1.00
2016.09.02 09:03:31.933,1.30099,1.30118,1.00,1.00
2016.09.02 09:03:32.087,1.30099,1.30118,1.12,1.00
2016.09.02 09:03:32.229,1.30099,1.3012,1.00,1.00
2016.09.02 09:03:32.300,1.30099,1.3012,1.12,1.00
2016.09.02 09:03:32.402,1.30099,1.30118,1.00,1.00
2016.09.02 09:03:32.503,1.30098,1.30118,1.87,1.00
2016.09.02 09:03:32.554,1.30098,1.30118,1.50,1.00
2016.09.02 09:03:32.606,1.30097,1.30118,2.44,1.00
2016.09.02 09:03:32.707,1.30099,1.30118,1.12,1.00
2016.09.02 09:03:32.860,1.30099,1.30118,1.69,1.00
2016.09.02 09:03:34.669,1.30099,1.30118,1.12,1.00
2016.09.02 09:03:38.547,1.30098,1.30117,1.50,1.00
2016.09.02 09:03:39.232,1.30097,1.30117,2.06,1.00
2016.09.02 09:03:39.946,1.30097,1.30117,1.69,1.00
2016.09.02 09:03:39.997,1.30097,1.30117,1.31,1.00
2016.09.02 09:03:40.191,1.30097,1.30117,1.00,1.00
2016.09.02 09:03:41.008,1.30096,1.30118,2.25,1.00
2016.09.02 09:03:41.059,1.30096,1.30118,2.62,1.00
2016.09.02 09:03:41.314,1.30098,1.30117,1.00,1.00
2016.09.02 09:03:45.716,1.30096,1.30118,3.19,1.00
2016.09.02 09:03:45.818,1.30097,1.30118,1.00,1.00
2016.09.02 09:03:46.022,1.30098,1.30117,1.00,1.00
2016.09.02 09:03:46.466,1.30099,1.3012,1.00,1.69
2016.09.02 09:03:46.568,1.30098,1.3012,1.00,1.12
2016.09.02 09:03:46.619,1.30096,1.30118,3.37,1.00
2016.09.02 09:03:46.670,1.30096,1.30118,2.62,1.00
2016.09.02 09:03:46.721,1.30097,1.30121,1.12,1.87
2016.09.02 09:03:46.874,1.30097,1.30121,1.50,1.50
2016.09.02 09:03:46.925,1.30097,1.30117,1.50,1.00
2016.09.02 09:03:47.472,1.30097,1.30117,1.50,1.00
2016.09.02 09:03:50.059,1.30098,1.30117,1.00,1.00
2016.09.02 09:03:51.781,1.30097,1.30117,1.75,1.00
2016.09.02 09:03:51.832,1.30099,1.30121,1.50,1.50
2016.09.02 09:03:51.883,1.30101,1.30121,1.37,1.50
2016.09.02 09:03:51.934,1.30105,1.30122,1.00,1.00
2016.09.02 09:03:51.985,1.30105,1.30124,1.12,1.12
2016.09.02 09:03:52.037,1.30106,1.30125,1.00,1.37
2016.09.02 09:03:52.088,1.30106,1.30125,1.50,1.37
2016.09.02 09:03:52.225,1.30106,1.30125,1.12,1.37
2016.09.02 09:03:52.278,1.30106,1.30125,1.00,1.00
2016.09.02 09:03:57.108,1.30106,1.30125,1.37,1.00
2016.09.02 09:03:57.159,1.30106,1.30125,2.25,1.00
2016.09.02 09:03:57.463,1.30108,1.30128,1.12,1.00
2016.09.02 09:03:57.874,1.30108,1.30128,1.50,1.00
2016.09.02 09:03:57.976,1.30107,1.30128,1.75,1.00
2016.09.02 09:03:58.467,1.30107,1.30126,1.75,1.00
2016.09.02 09:03:58.907,1.30108,1.30126,1.00,1.00
2016.09.02 09:03:58.959,1.30107,1.30126,1.50,1.00
2016.09.02 09:04:00.268,1.30107,1.30126,1.50,1.00
2016.09.02 09:04:00.964,1.30107,1.30126,1.37,1.00
2016.09.02 09:04:01.446,1.30106,1.30125,3.00,1.00
2016.09.02 09:04:01.635,1.30106,1.30125,2.25,1.00
2016.09.02 09:04:02.087,1.30106,1.30125,1.87,1.00
2016.09.02 09:04:02.291,1.30106,1.30125,1.12,1.00
2016.09.02 09:04:02.393,1.30105,1.30124,1.00,1.31
2016.09.02 09:04:02.495,1.30106,1.30122,1.00,1.00
2016.09.02 09:04:02.597,1.30102,1.30124,1.87,1.50
2016.09.02 09:04:02.699,1.30102,1.30123,1.12,1.69
2016.09.02 09:04:02.845,1.30101,1.30123,1.37,1.69
2016.09.02 09:04:02.898,1.30101,1.30121,1.37,1.00
2016.09.02 09:04:03.000,1.30101,1.30123,1.50,2.44
2016.09.02 09:04:03.052,1.30101,1.30122,1.50,1.00
2016.09.02 09:04:03.104,1.301,1.30119,1.50,1.00
2016.09.02 09:04:03.155,1.301,1.30121,1.00,1.31
2016.09.02 09:04:03.667,1.30101,1.30122,1.00,1.56
2016.09.02 09:04:03.994,1.30101,1.30119,1.00,1.00
2016.09.02 09:04:05.990,1.30101,1.30117,1.00,1.00
2016.09.02 09:04:06.195,1.30101,1.30119,1.00,1.00
2016.09.02 09:04:06.297,1.30101,1.30122,1.00,1.31
2016.09.02 09:04:06.430,1.301,1.30122,1.12,1.31
2016.09.02 09:04:06.481,1.301,1.3012,1.12,1.00
2016.09.02 09:04:06.532,1.301,1.3012,1.00,1.00
2016.09.02 09:04:06.583,1.30099,1.30116,1.50,1.37
2016.09.02 09:04:06.634,1.30099,1.30115,1.00,1.56
2016.09.02 09:04:06.686,1.30095,1.30116,1.37,1.37
2016.09.02 09:04:06.760,1.30095,1.30116,1.37,1.00
2016.09.02 09:04:06.811,1.30095,1.30116,1.12,1.00
2016.09.02 09:04:06.914,1.30095,1.30114,1.00,1.56
2016.09.02 09:04:06.965,1.30095,1.30113,1.00,1.31
2016.09.02 09:04:07.017,1.30091,1.30113,1.00,1.56
2016.09.02 09:04:07.068,1.3009,1.30109,1.12,1.00
2016.09.02 09:04:07.245,1.3009,1.3011,1.00,1.00
2016.09.02 09:04:07.397,1.30086,1.3011,3.00,1.00
2016.09.02 09:04:07.896,1.30086,1.3011,3.00,1.00
2016.09.02 09:04:07.998,1.30087,1.30108,1.75,1.00
2016.09.02 09:04:08.050,1.3009,1.30108,1.00,1.00
2016.09.02 09:04:08.304,1.30089,1.30108,1.50,1.00
2016.09.02 09:04:09.104,1.30089,1.30108,1.75,1.00
2016.09.02 09:04:09.495,1.30089,1.30108,1.37,1.00
2016.09.02 09:04:09.640,1.30089,1.30108,1.12,1.00
2016.09.02 09:04:10.826,1.30089,1.30108,1.00,1.00
2016.09.02 09:04:10.928,1.30089,1.30108,1.37,1.00
2016.09.02 09:04:10.979,1.30089,1.3011,1.37,1.00
2016.09.02 09:04:11.080,1.30089,1.30109,1.37,1.00
2016.09.02 09:04:11.132,1.30089,1.30109,1.12,1.00
2016.09.02 09:04:11.234,1.30089,1.30109,1.00,1.00
2016.09.02 09:04:11.762,1.30089,1.30108,1.00,1.00
2016.09.02 09:04:12.279,1.3009,1.30109,1.00,1.00
2016.09.02 09:04:12.331,1.30088,1.30109,1.12,1.00
2016.09.02 09:04:12.522,1.30089,1.3011,1.00,1.00
2016.09.02 09:04:12.933,1.30088,1.30109,1.12,1.00
2016.09.02 09:04:13.137,1.30088,1.30109,1.00,1.00
2016.09.02 09:04:13.413,1.30088,1.30109,1.12,1.00
2016.09.02 09:04:13.465,1.30088,1.30109,1.50,1.00
2016.09.02 09:04:14.429,1.30088,1.30108,1.00,1.00
2016.09.02 09:04:14.752,1.30087,1.30108,1.75,1.00
2016.09.02 09:04:14.905,1.30089,1.30108,1.50,1.00
2016.09.02 09:04:15.008,1.30089,1.30108,1.75,1.00
2016.09.02 09:04:15.110,1.30091,1.30108,1.12,1.00
2016.09.02 09:04:15.161,1.30091,1.30108,1.00,1.00
2016.09.02 09:04:16.102,1.30091,1.3011,1.00,1.00
2016.09.02 09:04:16.204,1.30091,1.30108,1.00,1.00
2016.09.02 09:04:16.306,1.30089,1.30108,1.00,1.00
2016.09.02 09:04:16.863,1.30089,1.30108,1.37,1.00
2016.09.02 09:04:16.917,1.30089,1.30108,1.50,1.00
2016.09.02 09:04:17.235,1.30089,1.3011,1.50,1.00
2016.09.02 09:04:17.491,1.30089,1.3011,1.75,1.00
2016.09.02 09:04:17.989,1.3009,1.3011,1.00,1.00
2016.09.02 09:04:18.164,1.30089,1.3011,1.75,1.00
2016.09.02 09:04:18.215,1.30089,1.3011,1.50,1.00
2016.09.02 09:04:19.201,1.3009,1.3011,1.00,1.00
2016.09.02 09:04:19.252,1.3009,1.3011,1.12,1.00
2016.09.02 09:04:19.449,1.3009,1.3011,1.00,1.00
2016.09.02 09:04:20.003,1.30089,1.3011,1.12,1.00
2016.09.02 09:04:20.420,1.3009,1.30108,1.00,1.00
2016.09.02 09:04:20.522,1.30088,1.30107,1.12,1.00
2016.09.02 09:04:20.623,1.30088,1.30107,1.00,1.00
2016.09.02 09:04:21.095,1.30088,1.30107,1.12,1.00
2016.09.02 09:04:21.803,1.30091,1.30107,1.00,1.00
2016.09.02 09:04:21.854,1.30096,1.30114,1.00,1.12
2016.09.02 09:04:21.962,1.30095,1.30114,1.37,1.00
2016.09.02 09:04:22.014,1.30096,1.30116,1.00,1.00
2016.09.02 09:04:22.067,1.30095,1.30116,2.62,1.00
2016.09.02 09:04:22.118,1.30096,1.30115,1.37,1.56
2016.09.02 09:04:22.179,1.30096,1.30115,1.00,2.06
2016.09.02 09:04:22.230,1.30091,1.3011,1.00,1.25
2016.09.02 09:04:22.282,1.30087,1.3011,1.87,1.31
2016.09.02 09:04:22.333,1.30087,1.3011,1.00,1.62
2016.09.02 09:04:22.385,1.30086,1.30109,1.37,1.00
2016.09.02 09:04:23.007,1.30086,1.3011,1.37,1.31
2016.09.02 09:04:23.163,1.30086,1.30107,1.87,1.00
2016.09.02 09:04:23.369,1.30086,1.30107,1.87,1.12
2016.09.02 09:04:23.863,1.30086,1.30107,1.87,1.00
2016.09.02 09:04:24.524,1.30086,1.30107,1.37,1.00
2016.09.02 09:04:24.729,1.30087,1.30106,1.12,1.00
2016.09.02 09:04:25.652,1.30087,1.30109,1.12,1.25
2016.09.02 09:04:25.703,1.30087,1.3011,1.12,2.06
2016.09.02 09:04:25.880,1.30087,1.3011,1.12,1.56
2016.09.02 09:04:25.931,1.30086,1.30107,1.37,1.00
2016.09.02 09:04:26.314,1.30086,1.30107,1.50,1.00
2016.09.02 09:04:26.415,1.30086,1.30107,1.37,1.00
2016.09.02 09:04:26.582,1.30086,1.30107,1.50,1.00
2016.09.02 09:04:27.621,1.30086,1.30107,2.25,1.00
2016.09.02 09:04:27.787,1.30086,1.30107,1.50,1.00
2016.09.02 09:04:28.106,1.30086,1.30107,2.25,1.00
2016.09.02 09:04:28.830,1.30086,1.30105,2.25,1.00
2016.09.02 09:04:28.881,1.30086,1.30105,1.50,1.00
2016.09.02 09:04:29.114,1.30086,1.30105,1.37,1.00
2016.09.02 09:04:29.216,1.30086,1.30105,1.87,1.00
2016.09.02 09:04:31.692,1.30086,1.30105,1.37,1.00
2016.09.02 09:04:31.893,1.30086,1.30105,1.37,1.00
2016.09.02 09:04:32.003,1.30087,1.30105,1.00,1.00
2016.09.02 09:04:32.259,1.30086,1.30105,1.37,1.00
2016.09.02 09:04:32.573,1.30088,1.30109,1.00,2.44
2016.09.02 09:04:32.675,1.30088,1.30109,1.00,1.69
2016.09.02 09:04:33.050,1.30086,1.30107,2.25,1.00
2016.09.02 09:04:33.254,1.30088,1.30108,1.75,1.31
2016.09.02 09:04:33.305,1.30088,1.30108,2.25,1.31
2016.09.02 09:04:33.356,1.30093,1.30112,1.00,2.44
2016.09.02 09:04:33.407,1.30096,1.30112,1.00,1.69
2016.09.02 09:04:33.458,1.30096,1.30112,1.00,1.31
2016.09.02 09:04:33.509,1.30093,1.30112,1.00,1.31
2016.09.02 09:04:33.560,1.30093,1.30112,1.00,1.00
2016.09.02 09:04:33.662,1.30091,1.3011,1.87,1.00
2016.09.02 09:04:33.764,1.30091,1.3011,1.37,1.00
2016.09.02 09:04:33.866,1.30091,1.30109,1.00,1.00
2016.09.02 09:04:34.350,1.30091,1.30111,1.00,1.12
2016.09.02 09:04:34.452,1.30088,1.30111,1.12,1.69
2016.09.02 09:04:34.554,1.30088,1.30111,1.12,1.31
2016.09.02 09:04:34.656,1.30087,1.30108,1.50,1.00
2016.09.02 09:04:35.357,1.30089,1.30111,1.12,1.31
2016.09.02 09:04:35.408,1.3009,1.30111,1.00,1.31
2016.09.02 09:04:35.460,1.3009,1.30111,1.00,1.00
2016.09.02 09:04:35.511,1.3009,1.30111,1.00,1.50
2016.09.02 09:04:35.613,1.30088,1.30111,1.50,1.50
2016.09.02 09:04:35.715,1.30088,1.30111,2.62,1.00
2016.09.02 09:04:36.198,1.30091,1.3011,1.00,1.00
2016.09.02 09:04:36.440,1.30088,1.30107,1.87,1.00
2016.09.02 09:04:36.491,1.30088,1.30107,1.87,1.00
2016.09.02 09:04:36.542,1.30088,1.30107,1.50,1.00
2016.09.02 09:04:37.763,1.30089,1.3011,1.37,1.56
2016.09.02 09:04:38.168,1.30091,1.30112,1.50,1.31
2016.09.02 09:04:38.321,1.30091,1.30112,1.50,1.31
2016.09.02 09:04:38.373,1.30091,1.30112,1.00,1.31
2016.09.02 09:04:38.424,1.30091,1.30112,1.00,1.31
2016.09.02 09:04:38.532,1.30091,1.30112,1.50,1.31
2016.09.02 09:04:38.695,1.30091,1.3011,1.50,1.00
2016.09.02 09:04:39.181,1.30091,1.30109,1.00,1.00
2016.09.02 09:04:39.462,1.30091,1.30109,1.12,1.00
2016.09.02 09:04:40.940,1.30091,1.30109,1.37,1.00
2016.09.02 09:04:41.042,1.3009,1.30109,1.87,1.00
2016.09.02 09:04:41.867,1.3009,1.30109,2.25,1.00
2016.09.02 09:04:41.919,1.3009,1.3011,1.50,1.00
2016.09.02 09:04:41.970,1.3009,1.3011,1.37,1.50
2016.09.02 09:04:42.072,1.30091,1.30111,1.12,1.75
2016.09.02 09:04:42.124,1.30091,1.30111,1.12,1.75
2016.09.02 09:04:42.177,1.3009,1.3011,1.00,1.50
2016.09.02 09:04:42.264,1.30089,1.3011,1.50,1.50
2016.09.02 09:04:42.562,1.3009,1.3011,1.00,1.50
2016.09.02 09:04:42.613,1.3009,1.30108,1.00,1.12
2016.09.02 09:04:42.768,1.30088,1.30108,1.75,1.12
2016.09.02 09:04:42.872,1.30087,1.30108,1.50,1.37
2016.09.02 09:04:42.977,1.30087,1.30108,1.75,1.37
2016.09.02 09:04:43.130,1.30087,1.30108,1.75,1.37
2016.09.02 09:04:43.564,1.30088,1.30108,1.00,1.37
2016.09.02 09:04:45.002,1.30089,1.30108,1.00,1.37
2016.09.02 09:04:45.908,1.30088,1.30107,1.50,1.12
2016.09.02 09:04:46.873,1.30088,1.30107,1.75,1.12
2016.09.02 09:04:46.924,1.30089,1.30108,1.75,1.37
2016.09.02 09:04:49.796,1.3009,1.30108,1.00,1.37
2016.09.02 09:04:49.847,1.30089,1.30108,1.75,1.37
2016.09.02 09:04:50.073,1.30091,1.30108,1.00,1.37
2016.09.02 09:04:50.145,1.30089,1.30108,1.75,1.37
2016.09.02 09:04:51.175,1.30089,1.30108,1.12,1.37
2016.09.02 09:04:51.827,1.3009,1.30111,1.00,2.62
2016.09.02 09:04:51.879,1.3009,1.30111,1.37,1.87
2016.09.02 09:04:51.930,1.301,1.30116,1.00,1.37
2016.09.02 09:04:51.981,1.301,1.30117,1.00,1.50
2016.09.02 09:04:52.032,1.301,1.30119,1.00,1.87
2016.09.02 09:04:52.166,1.30099,1.3012,1.12,1.87
2016.09.02 09:04:52.217,1.30099,1.3012,1.12,1.12
2016.09.02 09:04:52.479,1.30099,1.3012,1.37,1.00
2016.09.02 09:04:52.530,1.30098,1.30123,1.50,2.62
2016.09.02 09:04:52.683,1.30099,1.30123,1.50,1.50
2016.09.02 09:04:52.735,1.30099,1.30125,2.25,3.00
2016.09.02 09:04:52.786,1.30101,1.30125,1.00,3.00
2016.09.02 09:04:52.903,1.30099,1.30125,2.25,3.00
2016.09.02 09:04:52.955,1.30102,1.30125,1.00,3.00
2016.09.02 09:04:53.293,1.30102,1.30123,1.00,1.50
2016.09.02 09:04:53.395,1.30099,1.30123,1.50,1.50
2016.09.02 09:04:53.447,1.30099,1.30118,2.25,1.00
2016.09.02 09:04:53.498,1.30099,1.30118,1.50,1.00
2016.09.02 09:04:53.599,1.30099,1.3012,1.87,1.00
2016.09.02 09:04:53.732,1.30101,1.30123,1.12,2.25
2016.09.02 09:04:53.784,1.30101,1.30123,1.12,1.87
2016.09.02 09:04:53.835,1.30102,1.30121,1.00,1.00
2016.09.02 09:04:53.937,1.30102,1.30124,1.00,2.25
2016.09.02 09:04:53.989,1.30102,1.30124,1.00,1.50
2016.09.02 09:04:54.040,1.30101,1.30124,1.50,1.50
2016.09.02 09:04:54.244,1.30101,1.30124,1.00,1.50
2016.09.02 09:04:54.928,1.30102,1.30124,1.00,1.50
2016.09.02 09:04:54.979,1.30102,1.30124,1.00,1.87
2016.09.02 09:04:55.628,1.30102,1.30124,1.00,1.87
2016.09.02 09:04:56.581,1.30102,1.30124,1.00,1.87
2016.09.02 09:04:56.632,1.30101,1.30121,1.00,1.00
2016.09.02 09:04:57.535,1.301,1.30121,1.50,1.00
2016.09.02 09:04:58.730,1.30101,1.30121,1.00,1.00
2016.09.02 09:05:00.359,1.30101,1.30123,1.50,1.37
2016.09.02 09:05:01.289,1.30101,1.30123,1.50,1.12
2016.09.02 09:05:01.340,1.30101,1.3012,1.00,1.00
2016.09.02 09:05:01.736,1.30099,1.30119,1.00,1.00
2016.09.02 09:05:01.787,1.30098,1.30119,1.37,1.00
2016.09.02 09:05:01.838,1.30097,1.30118,2.25,1.00
2016.09.02 09:05:01.938,1.30097,1.30118,3.00,1.00
2016.09.02 09:05:01.989,1.30097,1.30118,1.87,1.12
2016.09.02 09:05:02.386,1.30097,1.30118,2.25,1.12
2016.09.02 09:05:02.984,1.30096,1.30117,2.62,1.00
2016.09.02 09:05:03.036,1.30097,1.30118,1.37,1.12
2016.09.02 09:05:03.088,1.30097,1.30118,1.50,1.12
2016.09.02 09:05:03.293,1.30097,1.30118,1.12,1.12
2016.09.02 09:05:03.468,1.30097,1.30118,1.12,1.12
2016.09.02 09:05:03.520,1.30097,1.30118,1.00,1.12
2016.09.02 09:05:03.774,1.30097,1.30118,1.12,1.12
2016.09.02 09:05:03.826,1.30097,1.30116,1.50,1.00
2016.09.02 09:05:03.877,1.30097,1.30116,1.12,1.00
2016.09.02 09:05:04.046,1.30097,1.30116,1.00,1.00
2016.09.02 09:05:04.149,1.30095,1.30116,1.12,1.00
2016.09.02 09:05:04.844,1.30095,1.30116,1.87,1.00
2016.09.02 09:05:05.694,1.30095,1.30116,2.25,1.00
2016.09.02 09:05:05.746,1.30096,1.30116,1.50,1.00
2016.09.02 09:05:05.954,1.30095,1.30116,2.25,1.00
2016.09.02 09:05:06.480,1.30095,1.30116,1.50,1.00
2016.09.02 09:05:06.737,1.30095,1.30116,1.87,1.00
2016.09.02 09:05:06.788,1.30095,1.30116,2.25,1.00
2016.09.02 09:05:07.195,1.30095,1.30116,3.00,1.00
2016.09.02 09:05:07.285,1.30097,1.30116,1.00,1.00
2016.09.02 09:05:07.387,1.30097,1.30116,1.75,1.00
2016.09.02 09:05:07.438,1.30099,1.30118,1.75,1.00
2016.09.02 09:05:07.490,1.30099,1.30119,1.75,1.50
2016.09.02 09:05:07.541,1.30099,1.3012,1.75,1.87
2016.09.02 09:05:07.592,1.30101,1.3012,1.12,1.87
2016.09.02 09:05:07.644,1.30101,1.3012,1.00,1.87
2016.09.02 09:05:07.696,1.30101,1.3012,1.00,1.50
2016.09.02 09:05:07.748,1.30101,1.3012,1.00,1.12
2016.09.02 09:05:07.852,1.30101,1.3012,1.12,1.12
2016.09.02 09:05:08.655,1.30101,1.3012,1.37,1.12
2016.09.02 09:05:09.058,1.30101,1.30123,1.37,3.00
2016.09.02 09:05:09.558,1.30101,1.30122,1.37,1.75
2016.09.02 09:05:09.762,1.30101,1.30121,1.37,1.00
2016.09.02 09:05:10.297,1.30101,1.30121,1.00,1.00
2016.09.02 09:05:11.044,1.30101,1.30121,1.00,1.50
2016.09.02 09:05:11.574,1.30099,1.30119,1.00,1.00
2016.09.02 09:05:11.676,1.30101,1.3012,1.50,1.00
2016.09.02 09:05:11.727,1.30101,1.30121,1.50,1.50
2016.09.02 09:05:11.880,1.30102,1.30122,1.00,1.50
2016.09.02 09:05:11.982,1.30106,1.30125,1.00,2.62
2016.09.02 09:05:12.033,1.30106,1.30125,1.00,1.87
2016.09.02 09:05:12.135,1.30107,1.30126,1.00,1.12
2016.09.02 09:05:12.455,1.30108,1.30127,1.00,1.37
2016.09.02 09:05:12.877,1.30108,1.30127,1.00,1.00
2016.09.02 09:05:13.682,1.30109,1.30128,1.00,1.00
2016.09.02 09:05:16.786,1.30106,1.30127,2.25,1.00
2016.09.02 09:05:16.990,1.30106,1.30127,1.87,1.00
2016.09.02 09:05:17.500,1.30108,1.30127,1.00,1.00
2016.09.02 09:05:21.901,1.30105,1.30126,1.50,1.00
2016.09.02 09:05:22.216,1.30105,1.30126,1.00,1.00
2016.09.02 09:05:22.902,1.30105,1.30126,1.31,1.00
2016.09.02 09:05:24.409,1.30105,1.30126,1.69,1.00
2016.09.02 09:05:24.461,1.30106,1.30126,1.12,1.00
2016.09.02 09:05:24.512,1.30106,1.30127,1.87,1.00
2016.09.02 09:05:24.564,1.30106,1.30127,1.12,1.00
2016.09.02 09:05:25.364,1.30106,1.30127,1.12,1.00
2016.09.02 09:05:26.088,1.30106,1.30127,1.37,1.00
2016.09.02 09:05:26.201,1.30106,1.30127,1.50,1.00
2016.09.02 09:05:32.934,1.30106,1.30125,1.12,1.00
2016.09.02 09:05:33.087,1.30105,1.30125,1.87,1.00
2016.09.02 09:05:33.189,1.30105,1.30125,1.37,1.00
2016.09.02 09:05:33.861,1.30105,1.30125,1.50,1.00
2016.09.02 09:05:34.433,1.30105,1.30124,1.50,1.00
2016.09.02 09:05:38.956,1.30105,1.30124,1.12,1.00
2016.09.02 09:05:41.805,1.30104,1.30126,1.50,1.12
2016.09.02 09:05:41.968,1.30105,1.30126,2.62,1.00
2016.09.02 09:05:42.021,1.30114,1.30127,1.12,1.00
2016.09.02 09:05:42.073,1.30114,1.30133,1.12,1.00
2016.09.02 09:05:42.125,1.30115,1.30136,1.00,1.87
2016.09.02 09:05:42.177,1.30116,1.30136,1.00,1.37
2016.09.02 09:05:42.261,1.30115,1.30136,1.50,1.37
2016.09.02 09:05:42.531,1.30116,1.30136,1.12,1.37
2016.09.02 09:05:42.582,1.30116,1.30136,1.12,1.12
2016.09.02 09:05:42.943,1.30115,1.30136,1.50,1.12
2016.09.02 09:05:43.096,1.30115,1.30136,1.50,1.37
2016.09.02 09:05:43.523,1.30115,1.30136,1.87,1.37
2016.09.02 09:05:43.574,1.30115,1.30136,2.25,1.37
2016.09.02 09:05:43.924,1.30115,1.30136,1.87,1.37
2016.09.02 09:05:43.975,1.30115,1.30136,1.50,1.37
2016.09.02 09:05:44.354,1.30115,1.30136,1.00,1.37
2016.09.02 09:05:44.456,1.30116,1.30137,1.50,1.37
2016.09.02 09:05:44.557,1.30116,1.30137,1.87,1.37
2016.09.02 09:05:44.660,1.30116,1.30137,2.25,1.37
2016.09.02 09:05:45.088,1.30116,1.30137,1.87,1.37
2016.09.02 09:05:45.139,1.30116,1.30135,1.87,1.12
2016.09.02 09:05:45.292,1.30116,1.30135,1.12,1.12
2016.09.02 09:05:45.445,1.30116,1.30135,1.00,1.12
2016.09.02 09:05:45.797,1.30116,1.30135,1.00,1.00
2016.09.02 09:05:45.939,1.30115,1.30134,1.50,1.00
2016.09.02 09:05:45.990,1.30115,1.30134,1.00,1.00
2016.09.02 09:05:46.656,1.30113,1.3013,1.50,1.00
2016.09.02 09:05:46.707,1.30111,1.3013,1.12,1.56
2016.09.02 09:05:46.843,1.30111,1.30126,1.37,1.00
2016.09.02 09:05:46.895,1.30111,1.30125,1.00,1.00
2016.09.02 09:05:47.082,1.30105,1.30125,1.50,1.00
2016.09.02 09:05:47.515,1.30106,1.30125,1.12,1.00
2016.09.02 09:05:48.253,1.30106,1.30125,1.87,1.00
2016.09.02 09:05:48.436,1.30106,1.30125,1.12,1.00
2016.09.02 09:05:48.690,1.30106,1.30125,1.50,1.00
2016.09.02 09:05:48.969,1.30106,1.30125,2.25,1.00
2016.09.02 09:05:50.770,1.30106,1.30125,1.87,1.00
2016.09.02 09:05:50.974,1.30107,1.30125,1.00,1.00
2016.09.02 09:05:51.861,1.30106,1.30127,1.75,1.50
2016.09.02 09:05:51.913,1.30106,1.30127,1.75,1.50
2016.09.02 09:05:51.965,1.30111,1.3013,1.12,1.50
2016.09.02 09:05:52.017,1.30111,1.3013,1.12,1.00
2016.09.02 09:05:52.068,1.30114,1.30134,1.00,1.50
2016.09.02 09:05:52.120,1.30114,1.30134,1.00,1.12
2016.09.02 09:05:52.233,1.30114,1.30135,1.50,1.31
2016.09.02 09:05:52.286,1.30115,1.30135,1.00,1.31
2016.09.02 09:05:52.338,1.30115,1.30135,1.00,1.56
2016.09.02 09:05:52.391,1.30114,1.30135,1.50,1.56
2016.09.02 09:05:52.494,1.30114,1.30134,1.00,1.31
2016.09.02 09:05:52.545,1.3011,1.30128,1.37,1.00
2016.09.02 09:05:52.597,1.30109,1.30128,1.12,1.00
2016.09.02 09:05:52.648,1.30108,1.30132,1.50,1.56
2016.09.02 09:05:52.699,1.30108,1.30132,1.75,2.06
2016.09.02 09:05:52.863,1.30109,1.30132,1.12,1.94
2016.09.02 09:05:52.918,1.30109,1.30132,1.75,1.56
2016.09.02 09:05:52.969,1.3011,1.30132,1.00,1.56
2016.09.02 09:05:53.072,1.30111,1.30133,1.00,1.56
2016.09.02 09:05:53.713,1.30111,1.30129,1.00,1.31
2016.09.02 09:05:53.765,1.30111,1.30129,1.12,1.31
2016.09.02 09:05:53.868,1.30111,1.30129,1.00,1.31
2016.09.02 09:05:53.970,1.30111,1.30128,1.00,1.00
2016.09.02 09:05:54.022,1.30111,1.30128,1.00,1.31
2016.09.02 09:05:54.074,1.30109,1.30128,1.00,1.31
2016.09.02 09:05:54.386,1.30111,1.30128,1.00,1.31
2016.09.02 09:05:55.287,1.30109,1.30128,1.00,1.31
2016.09.02 09:05:55.340,1.30108,1.30126,1.00,1.56
2016.09.02 09:05:55.392,1.30107,1.30126,1.75,1.56
2016.09.02 09:05:55.499,1.30106,1.30124,1.00,1.56
2016.09.02 09:05:55.609,1.30106,1.30123,1.00,3.00
2016.09.02 09:05:55.660,1.30104,1.30123,1.87,3.75
2016.09.02 09:05:55.814,1.30104,1.30123,1.50,3.75
2016.09.02 09:05:56.069,1.30104,1.30122,1.00,1.56
2016.09.02 09:05:56.120,1.30101,1.30122,1.12,1.56
2016.09.02 09:05:56.171,1.301,1.30121,1.00,1.31
2016.09.02 09:05:56.465,1.30099,1.30119,1.50,1.00
2016.09.02 09:05:56.516,1.30099,1.30119,1.00,1.00
2016.09.02 09:05:56.618,1.30099,1.30119,1.00,1.31
2016.09.02 09:05:56.669,1.30097,1.30118,1.50,1.00
2016.09.02 09:05:56.772,1.30097,1.30118,1.87,1.00
2016.09.02 09:05:56.977,1.30097,1.30118,1.50,1.00
2016.09.02 09:05:57.403,1.30097,1.30118,1.12,1.00
2016.09.02 09:05:57.505,1.30097,1.30117,1.50,1.00
2016.09.02 09:05:57.815,1.30097,1.30118,1.50,1.00
2016.09.02 09:05:59.445,1.30097,1.30116,1.50,1.00
2016.09.02 09:05:59.496,1.30097,1.30116,1.12,1.00
2016.09.02 09:05:59.700,1.30097,1.30116,1.50,1.00
2016.09.02 09:05:59.920,1.30097,1.30116,1.12,1.00
2016.09.02 09:06:00.023,1.30097,1.30116,1.50,1.00
2016.09.02 09:06:00.277,1.30097,1.30116,1.87,1.00
2016.09.02 09:06:00.705,1.30097,1.30116,1.50,1.00
2016.09.02 09:06:01.198,1.30097,1.30116,1.87,1.00
2016.09.02 09:06:01.440,1.30097,1.30116,1.50,1.00
2016.09.02 09:06:01.491,1.30097,1.30116,1.12,1.00
2016.09.02 09:06:01.542,1.30097,1.30116,1.00,1.00
2016.09.02 09:06:03.026,1.30097,1.30116,1.37,1.00
2016.09.02 09:06:03.078,1.30101,1.30116,1.00,1.00
2016.09.02 09:06:03.180,1.30099,1.30118,1.00,1.00
2016.09.02 09:06:09.506,1.301,1.30119,1.00,1.00
2016.09.02 09:06:09.710,1.301,1.30119,1.50,1.00
2016.09.02 09:06:10.223,1.30101,1.3012,1.00,1.00
2016.09.02 09:06:10.274,1.30101,1.30122,1.00,1.50
2016.09.02 09:06:10.325,1.30101,1.30122,1.00,1.00
2016.09.02 09:06:10.861,1.30102,1.30123,1.00,1.00
2016.09.02 09:06:11.065,1.30102,1.30123,1.00,1.12
2016.09.02 09:06:11.116,1.30102,1.30121,1.00,1.00
2016.09.02 09:06:12.467,1.30102,1.30121,1.00,1.12
2016.09.02 09:06:12.569,1.30106,1.30121,1.00,1.00
2016.09.02 09:06:12.621,1.30106,1.30126,1.00,1.94
2016.09.02 09:06:12.672,1.30111,1.30126,1.00,1.37
2016.09.02 09:06:12.725,1.30111,1.30127,1.00,1.12
2016.09.02 09:06:12.776,1.30108,1.30127,1.00,1.37
2016.09.02 09:06:12.827,1.30107,1.30126,1.00,1.12
2016.09.02 09:06:12.943,1.30107,1.30125,1.00,1.00
2016.09.02 09:06:12.994,1.30106,1.30124,1.00,1.00
2016.09.02 09:06:13.045,1.30106,1.30124,1.00,1.12
2016.09.02 09:06:13.096,1.30106,1.30124,1.00,1.50
2016.09.02 09:06:13.351,1.30106,1.30124,1.00,1.12
2016.09.02 09:06:13.402,1.30105,1.30124,1.00,1.00
2016.09.02 09:06:13.504,1.30105,1.30126,1.00,1.50
2016.09.02 09:06:13.555,1.30105,1.30128,1.50,1.37
2016.09.02 09:06:13.606,1.3011,1.30129,1.00,1.12
2016.09.02 09:06:13.657,1.3011,1.3013,1.00,1.75
2016.09.02 09:06:13.708,1.3011,1.30132,1.00,2.25
2016.09.02 09:06:14.043,1.3011,1.30132,1.00,1.87
2016.09.02 09:06:14.298,1.3011,1.30129,1.00,1.00
2016.09.02 09:06:14.621,1.3011,1.30129,1.00,1.12
2016.09.02 09:06:14.672,1.3011,1.30129,1.00,1.50
2016.09.02 09:06:14.774,1.30108,1.30129,1.00,1.50
2016.09.02 09:06:15.028,1.30108,1.30129,1.00,1.12
2016.09.02 09:06:15.672,1.30108,1.30129,1.00,1.00
2016.09.02 09:06:15.723,1.30107,1.30126,1.12,1.00
2016.09.02 09:06:15.774,1.30107,1.30126,1.12,1.56
2016.09.02 09:06:15.826,1.30105,1.30127,1.87,1.56
2016.09.02 09:06:15.877,1.30106,1.30127,1.00,1.56
2016.09.02 09:06:15.979,1.30106,1.30126,1.00,1.94
2016.09.02 09:06:16.030,1.30106,1.30124,1.00,1.31
2016.09.02 09:06:16.081,1.30106,1.30124,1.00,1.00
2016.09.02 09:06:16.193,1.30106,1.30124,1.00,1.12
2016.09.02 09:06:16.953,1.30106,1.30124,1.00,1.69
2016.09.02 09:06:17.391,1.30106,1.30124,1.00,1.31
2016.09.02 09:06:18.675,1.30106,1.30124,1.00,1.00
2016.09.02 09:06:21.136,1.30106,1.30125,1.00,1.31
2016.09.02 09:06:27.889,1.30106,1.30125,1.12,1.31
2016.09.02 09:06:27.940,1.30106,1.30125,1.87,1.31
2016.09.02 09:06:28.042,1.30106,1.30125,2.25,1.31
2016.09.02 09:06:29.486,1.30106,1.30125,1.50,1.31
2016.09.02 09:06:29.765,1.30106,1.30125,1.50,1.00
2016.09.02 09:06:30.227,1.30106,1.30125,1.12,1.00
2016.09.02 09:06:30.380,1.30106,1.30125,1.37,1.00
2016.09.02 09:06:30.719,1.30106,1.30125,1.00,1.00
2016.09.02 09:06:31.429,1.30106,1.30125,1.00,1.00
2016.09.02 09:06:31.634,1.30106,1.30125,1.00,1.00
2016.09.02 09:06:31.932,1.30105,1.30127,1.50,1.69
2016.09.02 09:06:31.984,1.30105,1.30127,1.87,1.00
2016.09.02 09:06:32.035,1.30112,1.30127,1.37,1.00
2016.09.02 09:06:32.086,1.30113,1.30132,1.12,1.69
2016.09.02 09:06:32.138,1.30113,1.30133,1.00,3.00
2016.09.02 09:06:32.189,1.30112,1.30133,1.12,2.81
2016.09.02 09:06:32.240,1.30112,1.30133,1.00,1.69
2016.09.02 09:06:32.291,1.30112,1.30133,1.12,1.31
2016.09.02 09:06:32.342,1.30112,1.30133,1.50,1.31
2016.09.02 09:06:32.393,1.30112,1.30133,1.87,1.31
2016.09.02 09:06:32.711,1.30112,1.30133,2.25,1.31
2016.09.02 09:06:33.017,1.30112,1.30133,2.25,1.31
2016.09.02 09:06:34.347,1.30112,1.30133,1.50,1.31
2016.09.02 09:06:34.449,1.30112,1.30133,1.50,1.69
2016.09.02 09:06:34.942,1.30112,1.30133,1.87,1.31
2016.09.02 09:06:35.146,1.30112,1.30132,1.50,1.00
2016.09.02 09:06:35.197,1.30112,1.30132,1.50,1.31
2016.09.02 09:06:35.313,1.30112,1.30132,1.50,1.31
2016.09.02 09:06:35.364,1.30109,1.3013,1.50,3.00
2016.09.02 09:06:35.416,1.30109,1.3013,1.50,3.00
2016.09.02 09:06:35.467,1.30109,1.3013,1.00,3.00
2016.09.02 09:06:35.944,1.30109,1.3013,1.00,3.37
2016.09.02 09:06:36.199,1.30109,1.3013,1.00,3.37
2016.09.02 09:06:36.340,1.30109,1.3013,1.00,3.37
2016.09.02 09:06:36.391,1.30109,1.30125,1.00,1.87
2016.09.02 09:06:36.443,1.30108,1.30125,1.00,2.25
2016.09.02 09:06:36.494,1.30108,1.30121,1.00,1.00
2016.09.02 09:06:36.546,1.30106,1.30121,1.00,1.00
2016.09.02 09:06:36.597,1.30106,1.30122,1.00,1.87
2016.09.02 09:06:36.649,1.30105,1.30122,1.12,1.87
2016.09.02 09:06:36.701,1.30105,1.30122,1.00,1.87
2016.09.02 09:06:36.752,1.30104,1.30123,1.00,1.73
2016.09.02 09:06:36.855,1.30103,1.30122,1.00,1.12
2016.09.02 09:06:36.957,1.30103,1.30122,1.00,1.00
2016.09.02 09:06:37.161,1.30103,1.30124,1.00,1.50
2016.09.02 09:06:38.855,1.30105,1.30124,1.00,1.50
2016.09.02 09:06:39.937,1.30105,1.30124,1.00,1.37
2016.09.02 09:06:39.989,1.30105,1.30124,1.00,1.12
2016.09.02 09:06:42.159,1.30105,1.30124,1.00,1.50
2016.09.02 09:06:42.321,1.30105,1.30124,1.00,1.00
2016.09.02 09:06:42.382,1.30108,1.30127,1.00,1.12
2016.09.02 09:06:42.433,1.30108,1.30127,1.00,1.00
2016.09.02 09:06:42.484,1.3011,1.30129,1.00,1.17
2016.09.02 09:06:42.587,1.30111,1.3013,1.00,1.42
2016.09.02 09:06:42.740,1.30111,1.3013,1.00,1.04
2016.09.02 09:06:42.792,1.30112,1.30131,1.00,1.29
2016.09.02 09:06:43.033,1.30112,1.30133,1.00,1.61
2016.09.02 09:06:43.085,1.30112,1.30133,1.00,1.23
2016.09.02 09:06:43.188,1.30112,1.30133,1.50,1.23
2016.09.02 09:06:43.290,1.30112,1.30133,1.00,1.23
2016.09.02 09:06:43.342,1.30112,1.30133,1.12,1.23
2016.09.02 09:06:43.668,1.30112,1.30133,1.00,1.23
2016.09.02 09:06:43.867,1.30112,1.30133,1.00,1.29
2016.09.02 09:06:45.982,1.30112,1.30133,1.12,1.29
2016.09.02 09:06:47.884,1.30112,1.30133,1.12,1.23
2016.09.02 09:06:49.990,1.30112,1.30133,1.37,1.23
2016.09.02 09:06:51.386,1.30113,1.30134,1.00,1.00
2016.09.02 09:06:51.692,1.30113,1.30134,1.12,1.00
2016.09.02 09:06:51.794,1.30115,1.30134,1.00,1.00
2016.09.02 09:06:51.846,1.30115,1.30134,1.00,1.00
2016.09.02 09:06:51.897,1.30112,1.30127,1.12,1.00
2016.09.02 09:06:52.000,1.30109,1.30125,1.12,1.00
2016.09.02 09:06:52.106,1.30109,1.30124,1.00,1.00
2016.09.02 09:06:52.157,1.30103,1.30124,1.75,1.00
2016.09.02 09:06:52.208,1.30103,1.30124,1.37,1.00
2016.09.02 09:06:52.281,1.30103,1.30124,1.00,1.00
2016.09.02 09:06:52.383,1.30103,1.30124,1.00,1.00
2016.09.02 09:06:52.692,1.30102,1.30123,1.50,1.00
2016.09.02 09:06:52.743,1.30102,1.30123,1.50,1.00
2016.09.02 09:06:52.794,1.30102,1.30123,1.50,1.12
2016.09.02 09:06:54.567,1.30102,1.30123,2.62,1.00
2016.09.02 09:06:54.618,1.30104,1.30123,1.12,1.00
2016.09.02 09:06:54.772,1.30104,1.30123,1.50,1.00
2016.09.02 09:06:55.165,1.30106,1.30123,1.00,1.00
2016.09.02 09:06:56.796,1.30102,1.30123,2.25,1.00
2016.09.02 09:06:56.847,1.30102,1.30123,1.87,1.00
2016.09.02 09:06:56.898,1.30102,1.30123,1.50,1.00
2016.09.02 09:06:58.594,1.30102,1.30123,1.12,1.00
2016.09.02 09:06:58.798,1.30102,1.30121,1.00,1.00
2016.09.02 09:06:59.002,1.30102,1.30121,1.12,1.00
2016.09.02 09:06:59.349,1.30106,1.30121,1.00,1.00
2016.09.02 09:06:59.575,1.30102,1.30121,1.50,1.00
2016.09.02 09:07:00.761,1.30106,1.30121,1.00,1.00
2016.09.02 09:07:00.812,1.30106,1.30123,1.00,1.00
2016.09.02 09:07:02.030,1.30106,1.30122,1.00,1.00
2016.09.02 09:07:05.501,1.30103,1.30122,1.00,1.00
2016.09.02 09:07:05.707,1.30106,1.30122,1.00,1.00
2016.09.02 09:07:05.861,1.30101,1.30122,2.25,1.00
2016.09.02 09:07:06.481,1.30101,1.30122,3.00,1.00
2016.09.02 09:07:07.028,1.30103,1.30122,1.75,1.00
2016.09.02 09:07:07.377,1.30105,1.30122,1.00,1.00
2016.09.02 09:07:07.429,1.30103,1.30122,1.87,1.00
2016.09.02 09:07:08.615,1.30103,1.30122,1.37,1.00
2016.09.02 09:07:08.819,1.30103,1.3012,1.00,1.00
2016.09.02 09:07:10.552,1.30101,1.3012,2.25,1.00
2016.09.02 09:07:10.604,1.30101,1.3012,1.87,1.00
2016.09.02 09:07:10.890,1.30101,1.3012,2.62,1.00
2016.09.02 09:07:14.222,1.30104,1.3012,1.00,1.00
2016.09.02 09:07:14.723,1.30101,1.3012,2.62,1.00
2016.09.02 09:07:15.005,1.30102,1.3012,1.00,1.00
2016.09.02 09:07:15.339,1.30101,1.3012,2.62,1.00
2016.09.02 09:07:15.767,1.30101,1.3012,1.87,1.00
2016.09.02 09:07:20.521,1.30101,1.3012,2.62,1.00
2016.09.02 09:07:20.573,1.30101,1.3012,1.87,1.00
2016.09.02 09:07:20.685,1.30101,1.3012,1.87,1.00
2016.09.02 09:07:20.736,1.301,1.30117,1.50,1.00
2016.09.02 09:07:20.788,1.30098,1.30117,1.50,1.00
2016.09.02 09:07:20.839,1.30096,1.30114,1.50,1.00
2016.09.02 09:07:20.890,1.30095,1.30114,2.62,1.00
2016.09.02 09:07:20.992,1.30101,1.30114,1.00,1.00
2016.09.02 09:07:21.043,1.30101,1.30116,1.00,1.00
2016.09.02 09:07:21.280,1.30096,1.30116,1.50,1.00
2016.09.02 09:07:21.331,1.30096,1.30114,1.37,1.00
2016.09.02 09:07:21.687,1.30096,1.30114,1.12,1.00
2016.09.02 09:07:21.789,1.30095,1.30114,1.50,1.00
2016.09.02 09:07:21.892,1.30096,1.30114,1.12,1.00
2016.09.02 09:07:21.943,1.30096,1.30114,1.00,1.00
2016.09.02 09:07:22.118,1.30101,1.30118,1.12,1.94
2016.09.02 09:07:22.170,1.30103,1.30122,1.37,5.25
2016.09.02 09:07:22.222,1.30104,1.30124,1.00,1.00
2016.09.02 09:07:22.283,1.30104,1.30125,1.50,1.31
2016.09.02 09:07:22.334,1.30103,1.30125,1.50,1.31
2016.09.02 09:07:22.386,1.30103,1.30125,1.50,2.44
2016.09.02 09:07:22.437,1.30101,1.30122,1.75,1.56
2016.09.02 09:07:22.488,1.30102,1.30122,1.00,1.31
2016.09.02 09:07:22.539,1.30098,1.30119,1.87,1.12
2016.09.02 09:07:22.590,1.30098,1.30119,1.37,1.00
2016.09.02 09:07:22.641,1.30096,1.30119,1.00,1.00
2016.09.02 09:07:22.692,1.30095,1.30119,1.37,1.12
2016.09.02 09:07:22.743,1.30095,1.30119,1.00,1.12
2016.09.02 09:07:23.250,1.30096,1.30115,1.00,1.00
2016.09.02 09:07:23.511,1.30096,1.30115,1.50,1.00
2016.09.02 09:07:23.928,1.30096,1.30115,1.00,1.00
2016.09.02 09:07:24.337,1.30096,1.30113,1.00,1.00
2016.09.02 09:07:24.706,1.30094,1.30113,1.12,1.00
2016.09.02 09:07:24.897,1.30095,1.30113,1.00,1.00
2016.09.02 09:07:25.329,1.30094,1.30113,1.12,1.00
2016.09.02 09:07:25.441,1.30092,1.30113,1.50,1.00
2016.09.02 09:07:25.492,1.30096,1.30113,1.00,1.00
2016.09.02 09:07:25.999,1.30092,1.30113,1.12,1.00
2016.09.02 09:07:26.951,1.30092,1.30113,1.00,1.12
2016.09.02 09:07:28.346,1.30091,1.30109,1.87,1.00
2016.09.02 09:07:28.398,1.3009,1.30109,2.62,1.00
2016.09.02 09:07:28.450,1.3009,1.30109,1.50,1.00
2016.09.02 09:07:28.553,1.30091,1.3011,1.00,1.00
2016.09.02 09:07:28.604,1.30091,1.3011,1.50,1.00
2016.09.02 09:07:28.655,1.30091,1.3011,1.87,1.00
2016.09.02 09:07:28.706,1.30091,1.3011,1.12,1.00
2016.09.02 09:07:28.757,1.3009,1.30109,1.00,1.00
2016.09.02 09:07:28.879,1.30088,1.30108,1.37,1.00
2016.09.02 09:07:28.931,1.30087,1.30108,2.25,1.00
2016.09.02 09:07:29.084,1.30087,1.30108,1.87,1.00
2016.09.02 09:07:29.135,1.30087,1.30108,1.00,1.00
2016.09.02 09:07:29.390,1.30086,1.30105,2.25,1.00
2016.09.02 09:07:29.441,1.30086,1.30105,2.25,1.00
2016.09.02 09:07:29.492,1.30086,1.30106,1.00,1.00
2016.09.02 09:07:29.595,1.30085,1.30106,1.12,1.12
2016.09.02 09:07:29.646,1.30084,1.30105,1.00,1.00
2016.09.02 09:07:29.959,1.30084,1.30103,1.00,1.00
2016.09.02 09:07:31.661,1.30084,1.30105,1.00,1.12
2016.09.02 09:07:31.712,1.30084,1.30105,1.37,1.00
2016.09.02 09:07:31.814,1.30085,1.30105,1.00,1.00
2016.09.02 09:07:32.108,1.30084,1.30105,1.87,1.00
2016.09.02 09:07:32.160,1.30086,1.30105,1.00,1.00
2016.09.02 09:07:32.583,1.30084,1.30105,1.50,1.00
2016.09.02 09:07:33.022,1.30084,1.30105,1.50,1.12
2016.09.02 09:07:33.826,1.30084,1.30105,1.50,1.50
2016.09.02 09:07:36.271,1.30084,1.30105,1.50,1.12
2016.09.02 09:07:36.373,1.30084,1.30105,1.50,1.37
2016.09.02 09:07:36.424,1.30084,1.30105,1.50,1.87
2016.09.02 09:07:36.475,1.30083,1.30104,2.25,1.50
2016.09.02 09:07:36.526,1.30083,1.30104,1.87,1.50
2016.09.02 09:07:36.667,1.30083,1.30102,1.00,1.00
2016.09.02 09:07:38.008,1.30086,1.30102,1.00,1.00
2016.09.02 09:07:38.059,1.30086,1.30104,1.00,1.50
2016.09.02 09:07:38.110,1.30082,1.30103,1.50,1.00
2016.09.02 09:07:38.161,1.30082,1.30103,1.87,1.00
2016.09.02 09:07:38.212,1.30082,1.301,1.12,1.00
2016.09.02 09:07:38.263,1.30082,1.301,1.00,1.00
2016.09.02 09:07:38.314,1.30081,1.301,2.62,1.00
2016.09.02 09:07:38.416,1.30085,1.301,1.00,1.00
2016.09.02 09:07:38.931,1.30084,1.301,1.00,1.00
2016.09.02 09:07:39.085,1.30082,1.30101,1.87,1.00
2016.09.02 09:07:39.542,1.30086,1.30101,1.00,1.00
2016.09.02 09:07:39.747,1.30083,1.30102,1.37,1.14
2016.09.02 09:07:39.798,1.30082,1.30101,1.87,1.00
2016.09.02 09:07:39.850,1.30082,1.301,1.87,1.00
2016.09.02 09:07:39.902,1.30082,1.301,1.50,1.00
2016.09.02 09:07:39.953,1.30082,1.30101,1.12,1.50
2016.09.02 09:07:40.097,1.30082,1.30101,1.50,1.50
2016.09.02 09:07:40.148,1.30082,1.30101,1.87,1.89
2016.09.02 09:07:40.200,1.30083,1.30101,1.00,1.14
2016.09.02 09:07:40.251,1.30083,1.30102,1.00,1.39
2016.09.02 09:07:40.354,1.30083,1.30102,1.00,1.89
2016.09.02 09:07:40.405,1.30082,1.30102,1.00,1.89
2016.09.02 09:07:40.456,1.30081,1.30102,2.62,1.89
2016.09.02 09:07:40.507,1.30081,1.301,2.25,1.39
2016.09.02 09:07:40.558,1.30081,1.301,1.87,1.89
2016.09.02 09:07:40.609,1.30081,1.301,1.37,1.89
2016.09.02 09:07:40.660,1.30081,1.301,1.50,1.89
2016.09.02 09:07:40.753,1.30082,1.301,1.00,1.89
2016.09.02 09:07:40.884,1.30082,1.301,1.00,1.50
2016.09.02 09:07:40.935,1.30081,1.30098,1.50,1.00
2016.09.02 09:07:40.986,1.30081,1.30098,1.37,1.00
2016.09.02 09:07:41.306,1.30081,1.30099,1.87,1.00
2016.09.02 09:07:41.358,1.30081,1.301,2.25,1.00
2016.09.02 09:07:41.409,1.30085,1.30103,1.00,1.00
2016.09.02 09:07:41.461,1.30085,1.30103,1.00,1.89
2016.09.02 09:07:41.512,1.30083,1.301,1.00,1.39
2016.09.02 09:07:41.563,1.30081,1.301,3.00,1.00
2016.09.02 09:07:41.614,1.30081,1.30098,1.50,1.00
2016.09.02 09:07:41.783,1.30079,1.30099,1.12,1.00
2016.09.02 09:07:41.834,1.30081,1.30099,1.00,1.00
2016.09.02 09:07:41.885,1.3008,1.30099,1.50,1.00
2016.09.02 09:07:41.987,1.30079,1.30099,1.12,1.00
2016.09.02 09:07:42.191,1.30081,1.301,1.75,1.00
2016.09.02 09:07:42.327,1.30082,1.301,1.00,1.00
2016.09.02 09:07:42.379,1.30081,1.30102,1.50,1.50
2016.09.02 09:07:42.529,1.3008,1.30102,1.75,1.00
2016.09.02 09:07:42.580,1.30083,1.30105,1.75,1.39
2016.09.02 09:07:42.632,1.30082,1.30105,1.75,1.39
2016.09.02 09:07:42.683,1.30082,1.30105,1.50,1.14
2016.09.02 09:07:42.734,1.30086,1.30101,1.00,1.14
2016.09.02 09:07:42.939,1.3008,1.30103,1.50,1.39
2016.09.02 09:07:43.130,1.3008,1.30102,1.12,1.39
2016.09.02 09:07:43.181,1.3008,1.30102,1.00,1.39
2016.09.02 09:07:43.379,1.3008,1.30101,1.00,1.14
2016.09.02 09:07:43.512,1.30081,1.30099,1.00,1.00
2016.09.02 09:07:43.817,1.30081,1.30099,1.12,1.00
2016.09.02 09:07:44.328,1.30081,1.30099,1.75,1.00
2016.09.02 09:07:44.482,1.30083,1.30101,1.00,1.14
2016.09.02 09:07:44.585,1.30083,1.30101,1.00,1.00
2016.09.02 09:07:44.688,1.30082,1.30101,1.75,1.00
2016.09.02 09:07:44.739,1.30082,1.30101,2.25,1.00
2016.09.02 09:07:44.841,1.30083,1.30101,1.75,1.00
2016.09.02 09:07:44.893,1.30085,1.30106,1.37,1.14
2016.09.02 09:07:44.944,1.30085,1.30106,1.37,1.00
2016.09.02 09:07:44.996,1.30088,1.30107,1.00,2.26
2016.09.02 09:07:45.047,1.30088,1.30107,1.00,1.89
2016.09.02 09:07:45.262,1.30088,1.30107,1.00,1.39
2016.09.02 09:07:45.416,1.30087,1.30106,1.00,1.39
2016.09.02 09:07:45.519,1.30087,1.30106,1.12,1.39
2016.09.02 09:07:45.672,1.30087,1.30106,1.12,1.14
2016.09.02 09:07:46.069,1.30087,1.30106,1.50,1.14
2016.09.02 09:07:46.186,1.30087,1.30106,1.50,1.00
2016.09.02 09:07:46.320,1.30087,1.30106,1.00,1.00
2016.09.02 09:07:47.682,1.30087,1.30106,1.00,1.39
2016.09.02 09:07:47.733,1.30087,1.30106,1.12,1.39
2016.09.02 09:07:47.785,1.30087,1.30106,1.12,1.14
2016.09.02 09:07:48.052,1.30087,1.30106,1.00,1.14
2016.09.02 09:07:50.120,1.30087,1.30106,1.00,1.14
2016.09.02 09:07:50.324,1.30086,1.30106,1.00,1.14
2016.09.02 09:07:50.427,1.30086,1.30105,1.00,1.00
2016.09.02 09:07:50.581,1.30086,1.30104,1.12,1.39
2016.09.02 09:07:50.711,1.30091,1.30104,1.00,1.39
2016.09.02 09:07:51.446,1.30091,1.30104,1.00,1.14
2016.09.02 09:07:51.920,1.30086,1.30104,1.12,1.14
2016.09.02 09:07:51.971,1.30086,1.30104,1.12,1.00
2016.09.02 09:07:52.560,1.30085,1.30104,1.87,1.00
2016.09.02 09:07:52.815,1.30086,1.30104,1.12,1.00
2016.09.02 09:07:53.030,1.30091,1.30105,1.00,1.39
2016.09.02 09:07:53.235,1.30091,1.30104,1.00,1.14
2016.09.02 09:07:53.287,1.30091,1.301,1.00,2.83
2016.09.02 09:07:53.339,1.30085,1.301,1.87,2.83
2016.09.02 09:07:53.390,1.30085,1.301,1.12,2.83
2016.09.02 09:07:53.543,1.30085,1.301,1.00,2.83
2016.09.02 09:07:54.138,1.30086,1.301,1.00,2.83
2016.09.02 09:07:54.190,1.30086,1.301,1.00,2.83
2016.09.02 09:07:54.446,1.30086,1.301,1.00,2.83
2016.09.02 09:07:54.551,1.30086,1.301,1.00,2.83
2016.09.02 09:07:55.471,1.30086,1.30098,1.00,2.83
2016.09.02 09:07:55.522,1.30081,1.30098,1.50,2.83
2016.09.02 09:07:55.741,1.30081,1.30098,1.37,2.83
2016.09.02 09:07:55.792,1.30081,1.30098,1.00,2.83
2016.09.02 09:07:55.950,1.30081,1.30101,1.00,3.37
2016.09.02 09:07:56.257,1.30085,1.30101,1.00,3.37
2016.09.02 09:07:56.419,1.30081,1.30101,1.37,3.37
2016.09.02 09:07:57.185,1.30081,1.30101,1.37,1.19
2016.09.02 09:07:58.576,1.30082,1.30101,1.00,1.19
2016.09.02 09:07:58.746,1.30082,1.30101,1.50,1.19
2016.09.02 09:07:59.318,1.30082,1.30101,1.12,1.19
2016.09.02 09:07:59.369,1.30082,1.30101,1.00,1.19
2016.09.02 09:07:59.877,1.30082,1.30101,1.12,1.19
2016.09.02 09:08:00.080,1.30082,1.30101,1.00,1.19
2016.09.02 09:08:00.182,1.30082,1.30101,1.00,1.00
2016.09.02 09:08:00.284,1.30082,1.30101,1.12,1.00
2016.09.02 09:08:00.335,1.30083,1.30102,1.00,1.25
2016.09.02 09:08:01.251,1.30085,1.30102,1.00,1.25
2016.09.02 09:08:01.727,1.30083,1.30102,1.00,1.25
2016.09.02 09:08:03.660,1.30083,1.30103,1.00,1.31
2016.09.02 09:08:04.221,1.30083,1.30102,1.00,1.25
2016.09.02 09:08:04.615,1.30086,1.30102,1.00,1.25
2016.09.02 09:08:04.824,1.30086,1.30103,1.00,1.19
2016.09.02 09:08:05.576,1.30084,1.30103,1.00,1.19
2016.09.02 09:08:05.680,1.30084,1.30103,1.12,1.19
2016.09.02 09:08:05.782,1.30084,1.30103,1.00,1.00
2016.09.02 09:08:06.087,1.30084,1.30103,1.00,1.25
2016.09.02 09:08:08.160,1.30084,1.30103,1.00,1.19
2016.09.02 09:08:08.288,1.30084,1.30103,1.00,1.00
2016.09.02 09:08:09.021,1.30084,1.30103,1.12,1.00
2016.09.02 09:08:09.072,1.30082,1.30103,1.87,1.00
2016.09.02 09:08:09.489,1.30083,1.30103,1.00,1.00
2016.09.02 09:08:09.541,1.30086,1.30103,1.00,1.00
2016.09.02 09:08:14.169,1.30086,1.30103,1.00,1.25
2016.09.02 09:08:14.272,1.30086,1.30106,1.00,1.00
2016.09.02 09:08:14.323,1.30086,1.30106,1.75,1.00
2016.09.02 09:08:14.374,1.30092,1.3011,1.00,4.12
2016.09.02 09:08:14.426,1.30092,1.3011,1.12,2.62
2016.09.02 09:08:14.477,1.30093,1.30114,1.00,4.12
2016.09.02 09:08:14.529,1.30093,1.30114,1.12,3.37
2016.09.02 09:08:14.580,1.30095,1.30114,1.00,3.37
2016.09.02 09:08:14.682,1.30096,1.30114,1.00,2.62
2016.09.02 09:08:14.734,1.30096,1.30114,1.50,2.62
2016.09.02 09:08:14.837,1.30096,1.30114,1.37,2.62
2016.09.02 09:08:14.977,1.30095,1.30114,1.75,2.62
2016.09.02 09:08:15.028,1.30095,1.30114,1.50,2.62
2016.09.02 09:08:15.231,1.30095,1.30114,1.37,2.62
2016.09.02 09:08:15.384,1.30094,1.30114,1.37,2.62
2016.09.02 09:08:16.253,1.30094,1.30113,1.87,1.19
2016.09.02 09:08:16.304,1.30094,1.30111,1.87,2.62
2016.09.02 09:08:18.279,1.30094,1.30111,1.12,2.62
2016.09.02 09:08:18.530,1.30094,1.30111,1.37,2.62
2016.09.02 09:08:19.093,1.30094,1.30112,1.37,2.62
2016.09.02 09:08:20.872,1.30094,1.30112,1.37,2.60
2016.09.02 09:08:20.923,1.30094,1.30112,1.37,2.60
2016.09.02 09:08:21.589,1.30094,1.30115,1.87,3.35
2016.09.02 09:08:21.641,1.30094,1.30115,1.87,4.10
2016.09.02 09:08:21.795,1.30095,1.30115,1.75,4.10
2016.09.02 09:08:21.846,1.30095,1.30115,1.50,4.10
2016.09.02 09:08:22.050,1.30096,1.30115,1.00,4.10
2016.09.02 09:08:22.153,1.30096,1.30113,1.37,1.21
2016.09.02 09:08:22.256,1.30096,1.30113,1.75,1.21
2016.09.02 09:08:22.402,1.30096,1.30113,1.00,1.21
2016.09.02 09:08:22.759,1.30095,1.30114,1.87,1.16
2016.09.02 09:08:22.861,1.30095,1.30114,2.25,1.16
2016.09.02 09:08:22.964,1.301,1.30114,1.00,1.16
2016.09.02 09:08:23.168,1.301,1.30115,1.00,3.35
2016.09.02 09:08:23.414,1.30101,1.30115,1.00,2.60
2016.09.02 09:08:23.466,1.30101,1.30115,1.37,2.60
2016.09.02 09:08:23.517,1.30101,1.30119,1.37,1.00
2016.09.02 09:08:23.568,1.30103,1.30121,1.12,2.60
2016.09.02 09:08:23.670,1.30106,1.30121,1.00,2.60
2016.09.02 09:08:23.926,1.30106,1.30122,1.00,1.21
2016.09.02 09:08:23.977,1.30106,1.30122,1.12,1.21
2016.09.02 09:08:24.181,1.30105,1.30122,1.37,1.21
2016.09.02 09:08:25.626,1.30105,1.30122,1.00,1.21
2016.09.02 09:08:26.040,1.30106,1.30122,1.00,1.00
2016.09.02 09:08:26.762,1.30101,1.30118,1.50,1.00
2016.09.02 09:08:26.813,1.30101,1.30118,1.12,1.00
2016.09.02 09:08:26.864,1.30101,1.3012,1.37,1.16
2016.09.02 09:08:26.967,1.30101,1.30119,1.00,1.21
2016.09.02 09:08:27.070,1.30101,1.30117,1.00,1.00
2016.09.02 09:08:27.498,1.30099,1.30117,1.00,1.00
2016.09.02 09:08:29.383,1.30101,1.30117,1.00,1.00
2016.09.02 09:08:29.688,1.30099,1.30117,1.12,1.00
2016.09.02 09:08:29.790,1.30099,1.30117,1.00,1.00
2016.09.02 09:08:29.841,1.30099,1.30117,1.00,1.16
2016.09.02 09:08:30.237,1.30099,1.30117,1.00,1.21
2016.09.02 09:08:31.057,1.30101,1.30117,1.00,1.21
2016.09.02 09:08:31.938,1.30101,1.30117,1.00,1.00
2016.09.02 09:08:31.989,1.30099,1.30117,1.00,1.00
2016.09.02 09:08:32.547,1.30098,1.30116,1.00,1.00
2016.09.02 09:08:35.087,1.30098,1.30116,1.00,1.12
2016.09.02 09:08:36.362,1.30101,1.30116,1.00,1.12
2016.09.02 09:08:36.515,1.30101,1.30116,1.00,1.37
2016.09.02 09:08:36.566,1.30096,1.30115,2.25,1.00
2016.09.02 09:08:36.617,1.30096,1.30116,2.25,1.75
2016.09.02 09:08:36.719,1.30096,1.30114,2.25,1.50
2016.09.02 09:08:36.925,1.30096,1.30114,1.87,1.50
2016.09.02 09:08:36.977,1.30096,1.30113,1.00,1.00
2016.09.02 09:08:37.182,1.30096,1.30113,1.50,1.00
2016.09.02 09:08:37.309,1.30096,1.30113,1.00,1.00
2016.09.02 09:08:39.045,1.30096,1.30114,1.00,1.50
2016.09.02 09:08:39.096,1.30096,1.30113,1.00,1.12
2016.09.02 09:08:39.895,1.30096,1.30113,1.00,1.00
2016.09.02 09:08:41.706,1.30095,1.30113,1.00,1.00
2016.09.02 09:08:42.701,1.30096,1.30113,1.00,1.00
2016.09.02 09:08:43.388,1.30096,1.30115,1.00,1.00
2016.09.02 09:08:44.088,1.30095,1.30115,1.87,1.00
2016.09.02 09:08:46.085,1.30095,1.30115,2.25,1.00
2016.09.02 09:08:47.591,1.30096,1.30115,1.12,1.00
2016.09.02 09:08:47.876,1.30096,1.30115,1.50,1.00
2016.09.02 09:08:47.977,1.30096,1.30115,1.75,1.00
2016.09.02 09:08:48.537,1.30097,1.30115,1.00,1.00
2016.09.02 09:08:48.588,1.30096,1.30115,1.50,1.00
2016.09.02 09:08:49.165,1.30096,1.30115,1.75,1.00
2016.09.02 09:08:49.368,1.30096,1.30115,1.37,1.00
2016.09.02 09:08:52.568,1.30097,1.30115,1.00,1.00
2016.09.02 09:08:52.619,1.30097,1.30115,1.00,1.00
2016.09.02 09:08:54.345,1.30095,1.30115,3.00,1.00
2016.09.02 09:08:54.397,1.30098,1.30117,1.37,1.00
2016.09.02 09:08:54.449,1.30103,1.30121,1.37,1.00
2016.09.02 09:08:54.500,1.30105,1.30123,1.00,1.56
2016.09.02 09:08:55.446,1.30104,1.30122,1.50,1.31
2016.09.02 09:08:55.626,1.30104,1.30122,1.12,1.31
2016.09.02 09:08:55.677,1.30104,1.30122,1.00,1.31
2016.09.02 09:08:55.829,1.30104,1.30124,1.12,1.56
2016.09.02 09:08:55.908,1.30104,1.30124,2.25,1.56
2016.09.02 09:08:56.984,1.30104,1.30124,2.25,1.31
2016.09.02 09:08:57.035,1.30104,1.30124,1.12,1.31
2016.09.02 09:08:57.101,1.30104,1.30124,1.00,1.31
2016.09.02 09:08:57.254,1.30104,1.30124,1.00,1.69
2016.09.02 09:08:57.407,1.30103,1.30123,1.12,1.00
2016.09.02 09:08:57.458,1.30103,1.30123,1.12,1.12
2016.09.02 09:08:57.662,1.30103,1.30123,1.12,1.69
2016.09.02 09:08:57.832,1.30101,1.30119,2.25,1.00
2016.09.02 09:08:57.884,1.30101,1.30119,1.50,3.00
2016.09.02 09:08:57.936,1.30101,1.30119,1.00,3.00
2016.09.02 09:08:57.987,1.30101,1.30119,1.00,1.31
2016.09.02 09:08:58.039,1.30101,1.30118,1.00,1.50
2016.09.02 09:08:58.090,1.301,1.30118,1.12,1.50
2016.09.02 09:08:58.349,1.30099,1.30117,1.12,1.00
2016.09.02 09:08:58.400,1.30097,1.30117,2.62,1.00
2016.09.02 09:08:58.503,1.30097,1.30117,1.87,1.00
2016.09.02 09:08:59.130,1.30097,1.30117,1.87,1.00
2016.09.02 09:08:59.335,1.30097,1.30117,1.50,1.00
2016.09.02 09:08:59.387,1.30097,1.30117,1.12,3.00
2016.09.02 09:09:00.092,1.30097,1.30117,1.12,3.00
2016.09.02 09:09:00.194,1.30097,1.30117,1.12,1.56
2016.09.02 09:09:01.311,1.30098,1.30116,1.00,1.31
2016.09.02 09:09:04.935,1.30101,1.3012,1.12,1.00
2016.09.02 09:09:04.988,1.30101,1.3012,1.00,1.00
2016.09.02 09:09:05.093,1.30101,1.3012,1.50,1.00
2016.09.02 09:09:05.144,1.30102,1.30121,1.37,1.31
2016.09.02 09:09:05.195,1.30102,1.30121,1.00,1.31
2016.09.02 09:09:05.350,1.30102,1.3012,1.00,1.00
2016.09.02 09:09:05.453,1.30102,1.3012,1.00,1.31
2016.09.02 09:09:06.493,1.30102,1.3012,1.00,1.00
2016.09.02 09:09:07.591,1.30102,1.3012,1.00,1.31
2016.09.02 09:09:07.642,1.30103,1.30121,1.00,1.56
2016.09.02 09:09:07.846,1.30101,1.30121,2.62,1.56
2016.09.02 09:09:08.075,1.30101,1.30121,1.87,1.56
2016.09.02 09:09:08.177,1.30101,1.30121,1.37,1.56
2016.09.02 09:09:08.491,1.30101,1.30121,1.50,1.56
2016.09.02 09:09:08.754,1.30101,1.30121,1.50,3.00
2016.09.02 09:09:09.130,1.30102,1.30121,1.12,3.00
2016.09.02 09:09:09.687,1.30102,1.30121,1.00,3.00
2016.09.02 09:09:09.796,1.30102,1.30121,1.00,3.00
2016.09.02 09:09:10.248,1.30102,1.30121,1.12,3.00
2016.09.02 09:09:10.350,1.30101,1.30119,1.37,1.00
2016.09.02 09:09:10.402,1.30101,1.30118,1.00,2.25
2016.09.02 09:09:10.453,1.30101,1.30116,1.00,1.00
2016.09.02 09:09:10.505,1.30099,1.30115,1.00,2.25
2016.09.02 09:09:10.556,1.30096,1.30113,1.12,1.00
2016.09.02 09:09:10.607,1.30096,1.30113,1.00,3.00
2016.09.02 09:09:11.015,1.30096,1.30113,1.12,3.00
2016.09.02 09:09:11.161,1.30096,1.30113,1.12,1.56
2016.09.02 09:09:11.212,1.30094,1.30113,2.25,1.56
2016.09.02 09:09:11.264,1.30094,1.30113,2.25,1.00
2016.09.02 09:09:11.521,1.30094,1.30113,1.87,1.00
2016.09.02 09:09:11.886,1.30096,1.30113,1.00,1.00
2016.09.02 09:09:13.199,1.30094,1.30113,1.87,1.00
2016.09.02 09:09:13.404,1.30096,1.30113,1.00,1.00
2016.09.02 09:09:14.106,1.30095,1.30113,1.12,1.00
2016.09.02 09:09:14.157,1.30095,1.30113,1.00,1.00
2016.09.02 09:09:16.117,1.30095,1.30113,1.37,1.00
2016.09.02 09:09:16.168,1.30095,1.30117,1.37,2.25
2016.09.02 09:09:16.220,1.301,1.30117,1.37,2.25
2016.09.02 09:09:16.271,1.30103,1.30121,1.00,1.00
2016.09.02 09:09:16.383,1.30106,1.30124,1.00,1.37
2016.09.02 09:09:16.435,1.30106,1.30124,1.00,1.00
2016.09.02 09:09:16.956,1.30106,1.30123,1.00,1.00
2016.09.02 09:09:17.411,1.30103,1.30122,1.00,1.00
2016.09.02 09:09:17.462,1.30101,1.30122,2.62,1.00
2016.09.02 09:09:17.513,1.30101,1.30122,2.62,1.12
2016.09.02 09:09:17.616,1.30101,1.30122,3.00,1.00
2016.09.02 09:09:17.668,1.30101,1.3012,3.37,1.00
2016.09.02 09:09:17.975,1.30101,1.30121,1.50,1.00
2016.09.02 09:09:18.026,1.30101,1.30121,1.12,1.00
2016.09.02 09:09:18.077,1.30101,1.30118,1.12,1.00
2016.09.02 09:09:18.179,1.30101,1.3012,1.12,1.00
2016.09.02 09:09:18.795,1.301,1.3012,1.87,1.00
2016.09.02 09:09:18.994,1.30101,1.3012,1.12,1.00
2016.09.02 09:09:19.905,1.30101,1.30119,1.12,1.00
2016.09.02 09:09:19.956,1.30101,1.30119,1.87,1.00
2016.09.02 09:09:20.160,1.30101,1.30118,1.12,1.00
2016.09.02 09:09:20.666,1.30101,1.30118,1.00,1.00
2016.09.02 09:09:20.819,1.30098,1.30118,1.00,1.00
2016.09.02 09:09:20.871,1.30098,1.30119,1.00,1.50
2016.09.02 09:09:21.109,1.301,1.30119,1.00,1.50
2016.09.02 09:09:21.263,1.301,1.30117,1.00,1.50
2016.09.02 09:09:21.416,1.30099,1.30117,1.00,1.50
2016.09.02 09:09:21.468,1.30096,1.30114,1.12,1.00
2016.09.02 09:09:21.519,1.30096,1.30114,1.87,1.00
2016.09.02 09:09:21.570,1.30096,1.30113,1.50,1.00
2016.09.02 09:09:21.719,1.30096,1.30113,1.00,1.00
2016.09.02 09:09:21.817,1.30095,1.30113,1.12,1.00
2016.09.02 09:09:21.969,1.30095,1.30114,1.12,1.50
2016.09.02 09:09:22.071,1.30096,1.30114,1.00,1.00
2016.09.02 09:09:22.236,1.30096,1.30115,1.00,1.00
2016.09.02 09:09:22.873,1.30096,1.30116,1.37,1.00
2016.09.02 09:09:22.924,1.30096,1.30117,1.50,1.50
2016.09.02 09:09:23.230,1.30096,1.30117,2.25,1.50
2016.09.02 09:09:23.281,1.30098,1.30117,1.00,1.50
2016.09.02 09:09:24.266,1.30097,1.30116,1.12,1.00
2016.09.02 09:09:24.370,1.30098,1.30116,1.00,1.00
2016.09.02 09:09:24.480,1.30097,1.30115,1.12,1.00
2016.09.02 09:09:25.282,1.30096,1.30114,1.12,1.00
2016.09.02 09:09:25.333,1.30096,1.30114,1.00,1.00
2016.09.02 09:09:25.384,1.30095,1.30115,1.50,1.00
2016.09.02 09:09:27.057,1.30095,1.30115,1.12,1.00
2016.09.02 09:09:27.108,1.30094,1.30115,2.25,1.00
2016.09.02 09:09:27.312,1.30096,1.30115,1.00,1.00
2016.09.02 09:09:27.364,1.30096,1.30115,1.12,1.00
2016.09.02 09:09:27.415,1.30096,1.30115,1.87,1.00
2016.09.02 09:09:27.466,1.30096,1.30116,2.25,1.00
2016.09.02 09:09:27.928,1.30096,1.30116,1.50,1.00
2016.09.02 09:09:28.210,1.30096,1.30116,2.25,1.00
2016.09.02 09:09:28.535,1.30096,1.30116,1.50,1.00
2016.09.02 09:09:28.811,1.30096,1.30116,1.50,1.00
2016.09.02 09:09:29.054,1.30096,1.30116,1.12,1.00
2016.09.02 09:09:29.156,1.30096,1.30116,1.00,1.00
2016.09.02 09:09:29.411,1.30096,1.30116,1.00,1.00
2016.09.02 09:09:29.719,1.30096,1.30116,1.00,1.00
2016.09.02 09:09:30.230,1.30096,1.30116,1.50,1.00
2016.09.02 09:09:30.281,1.30096,1.30114,1.00,1.00
2016.09.02 09:09:30.333,1.30095,1.30114,1.50,1.50
2016.09.02 09:09:30.538,1.30095,1.30113,1.50,1.00
2016.09.02 09:09:30.742,1.30095,1.30114,1.50,1.50
2016.09.02 09:09:30.793,1.30095,1.30113,1.00,1.00
2016.09.02 09:09:30.894,1.30095,1.30114,1.00,1.12
2016.09.02 09:09:30.975,1.30095,1.30113,1.50,1.00
2016.09.02 09:09:31.159,1.30096,1.30115,1.00,1.50
2016.09.02 09:09:31.831,1.30095,1.30115,1.00,1.50
2016.09.02 09:09:32.189,1.30095,1.30115,1.12,1.50
2016.09.02 09:09:32.365,1.30096,1.30114,1.00,1.50
2016.09.02 09:09:32.418,1.30095,1.30114,1.12,1.00
2016.09.02 09:09:32.471,1.30095,1.30113,1.12,1.00
2016.09.02 09:09:33.948,1.30096,1.30113,1.00,1.00
2016.09.02 09:09:33.998,1.30096,1.30115,1.00,1.50
2016.09.02 09:09:34.101,1.30096,1.30115,1.12,1.50
2016.09.02 09:09:34.175,1.30096,1.30115,1.50,1.50
2016.09.02 09:09:35.244,1.30096,1.30115,1.12,1.50
2016.09.02 09:09:35.296,1.30096,1.30115,1.12,1.00
2016.09.02 09:09:35.486,1.30096,1.30114,1.12,1.00
2016.09.02 09:09:36.194,1.30096,1.30114,1.00,1.00
2016.09.02 09:09:36.296,1.30096,1.30115,1.00,1.00
2016.09.02 09:09:36.398,1.30096,1.30115,1.12,1.50
2016.09.02 09:09:36.449,1.30096,1.30114,1.12,1.00
2016.09.02 09:09:36.653,1.30096,1.30115,1.12,1.50
2016.09.02 09:09:36.864,1.30096,1.30115,1.50,1.50
2016.09.02 09:09:36.915,1.30096,1.30114,2.25,1.00
2016.09.02 09:09:37.104,1.30096,1.30114,1.87,1.00
2016.09.02 09:09:37.156,1.30096,1.30114,1.50,1.00
2016.09.02 09:09:38.019,1.30096,1.30115,1.00,1.50
2016.09.02 09:09:40.125,1.30095,1.30115,1.12,1.50
2016.09.02 09:09:40.176,1.30095,1.30115,1.37,1.50
2016.09.02 09:09:40.279,1.30095,1.30115,1.75,1.50
2016.09.02 09:09:40.677,1.30096,1.30115,1.00,1.50
2016.09.02 09:09:41.501,1.30096,1.30113,1.00,1.00
2016.09.02 09:09:41.553,1.30095,1.30113,1.50,1.00
2016.09.02 09:09:41.930,1.30096,1.30113,1.00,1.00
2016.09.02 09:09:42.070,1.30096,1.30115,1.00,1.50
2016.09.02 09:09:42.121,1.30096,1.30115,1.12,1.50
2016.09.02 09:09:43.103,1.30096,1.30114,1.87,1.00
2016.09.02 09:09:46.942,1.30097,1.30115,1.00,1.50
2016.09.02 09:09:47.044,1.30096,1.30115,1.87,1.50
2016.09.02 09:09:47.095,1.30096,1.30115,1.50,1.50
2016.09.02 09:09:47.300,1.30096,1.30115,1.87,1.50
2016.09.02 09:09:52.402,1.30096,1.30115,2.25,1.50
2016.09.02 09:09:52.453,1.30097,1.30115,1.37,1.50
2016.09.02 09:09:52.606,1.30098,1.30115,1.00,1.50
2016.09.02 09:09:52.898,1.30097,1.30115,1.37,1.50
2016.09.02 09:09:53.119,1.30096,1.30114,2.25,1.00
2016.09.02 09:09:53.243,1.30096,1.30114,2.25,1.50
2016.09.02 09:09:53.345,1.30096,1.30114,2.25,1.00
2016.09.02 09:09:53.447,1.30096,1.30115,2.25,1.00
2016.09.02 09:09:54.002,1.30098,1.30115,1.00,1.00
2016.09.02 09:09:54.053,1.30098,1.30114,1.00,1.00
2016.09.02 09:09:54.984,1.30096,1.30115,1.50,1.50
2016.09.02 09:09:55.035,1.30096,1.30115,1.87,1.00
2016.09.02 09:09:55.086,1.30097,1.30115,1.12,1.00
2016.09.02 09:09:55.188,1.30097,1.30115,1.37,1.00
2016.09.02 09:09:55.239,1.30096,1.30115,1.87,1.00
2016.09.02 09:09:55.290,1.30096,1.30115,1.87,1.50
2016.09.02 09:09:55.432,1.30097,1.30115,1.75,1.50
2016.09.02 09:09:55.483,1.30097,1.30115,1.75,1.00
2016.09.02 09:09:55.534,1.30096,1.30115,1.75,1.00
2016.09.02 09:09:55.585,1.30096,1.30115,1.75,1.00
2016.09.02 09:09:57.017,1.30097,1.30115,1.75,1.00
2016.09.02 09:09:57.068,1.30097,1.30118,1.75,1.50
2016.09.02 09:09:57.119,1.30098,1.30118,1.75,1.00
2016.09.02 09:09:57.323,1.30099,1.30117,1.50,1.00
2016.09.02 09:09:58.523,1.30102,1.30118,1.37,1.00
2016.09.02 09:09:58.574,1.30102,1.3012,1.87,1.00
2016.09.02 09:09:58.625,1.30104,1.3012,1.12,1.00
2016.09.02 09:09:59.040,1.30104,1.3012,1.00,1.00
2016.09.02 09:09:59.193,1.30104,1.30122,1.12,1.00
2016.09.02 09:09:59.244,1.30104,1.30122,1.50,1.00
2016.09.02 09:09:59.346,1.30107,1.30126,1.00,1.00
2016.09.02 09:09:59.398,1.30107,1.30127,1.50,1.12
2016.09.02 09:09:59.449,1.30107,1.30127,1.37,1.00
2016.09.02 09:09:59.500,1.30107,1.30127,1.75,1.00
2016.09.02 09:09:59.551,1.30107,1.30126,1.75,1.00
2016.09.02 09:09:59.603,1.30107,1.30126,1.37,1.00
2016.09.02 09:10:01.391,1.30107,1.30126,1.75,1.00
2016.09.02 09:10:01.544,1.30109,1.30127,1.12,1.00
2016.09.02 09:10:01.595,1.30111,1.30127,1.00,1.00
2016.09.02 09:10:01.869,1.3011,1.30127,1.12,1.00
2016.09.02 09:10:02.355,1.3011,1.3013,1.12,1.50
2016.09.02 09:10:02.560,1.3011,1.30129,1.12,1.00
2016.09.02 09:10:02.954,1.30108,1.30129,1.50,1.00
2016.09.02 09:10:03.107,1.30108,1.30129,1.37,1.00
2016.09.02 09:10:03.464,1.30108,1.30129,1.12,1.00
2016.09.02 09:10:04.335,1.30108,1.30127,1.12,1.00
2016.09.02 09:10:04.386,1.30108,1.30127,1.00,1.00
2016.09.02 09:10:04.539,1.30108,1.30129,1.00,1.00
2016.09.02 09:10:04.641,1.30107,1.30128,1.50,1.00
2016.09.02 09:10:04.799,1.30107,1.30128,1.50,1.00
2016.09.02 09:10:05.104,1.30107,1.30128,1.00,1.00
2016.09.02 09:10:05.359,1.30107,1.30128,1.00,1.00
2016.09.02 09:10:05.908,1.30107,1.30128,1.50,1.00
2016.09.02 09:10:05.959,1.30111,1.30128,1.00,1.00
2016.09.02 09:10:06.458,1.30108,1.30127,1.00,1.00
2016.09.02 09:10:08.171,1.30109,1.30127,1.00,1.00
2016.09.02 09:10:08.324,1.3011,1.30128,1.56,1.00
2016.09.02 09:10:08.375,1.30114,1.30135,1.12,1.50
2016.09.02 09:10:08.426,1.30114,1.30135,1.12,1.12
2016.09.02 09:10:08.479,1.30115,1.30136,1.12,1.00
2016.09.02 09:10:08.530,1.30115,1.30136,1.69,1.00
2016.09.02 09:10:08.685,1.30115,1.30136,1.31,1.00
2016.09.02 09:10:09.838,1.30115,1.30136,1.00,1.00
2016.09.02 09:10:10.560,1.30114,1.30135,1.69,1.37
2016.09.02 09:10:10.611,1.30114,1.30134,1.31,1.50
2016.09.02 09:10:10.662,1.30114,1.3013,1.00,1.00
2016.09.02 09:10:10.714,1.30111,1.3013,1.00,1.00
2016.09.02 09:10:10.817,1.30111,1.30131,1.12,1.00
2016.09.02 09:10:10.868,1.30116,1.30131,1.00,1.00
2016.09.02 09:10:11.072,1.30116,1.30129,1.00,1.00
2016.09.02 09:10:11.307,1.30111,1.3013,1.50,1.00
2016.09.02 09:10:12.766,1.30111,1.30129,1.00,1.00
2016.09.02 09:10:13.276,1.3011,1.30129,1.00,1.00
2016.09.02 09:10:13.780,1.3011,1.30127,1.00,1.00
2016.09.02 09:10:14.294,1.30111,1.30127,1.00,1.00
2016.09.02 09:10:16.469,1.30109,1.30127,1.12,1.00
2016.09.02 09:10:16.761,1.30109,1.30128,1.12,1.00
2016.09.02 09:10:18.172,1.30115,1.30129,1.00,1.00
2016.09.02 09:10:18.223,1.30115,1.30134,1.75,1.50
2016.09.02 09:10:18.275,1.30121,1.30137,1.50,1.50
2016.09.02 09:10:18.327,1.30121,1.30143,2.25,4.50
2016.09.02 09:10:18.420,1.30122,1.30143,1.00,4.50
2016.09.02 09:10:18.472,1.30125,1.30146,1.37,2.25
2016.09.02 09:10:18.524,1.30125,1.30149,1.37,1.12
2016.09.02 09:10:18.575,1.30127,1.3015,1.00,3.17
2016.09.02 09:10:18.886,1.30126,1.3015,1.12,3.17
2016.09.02 09:10:19.039,1.30126,1.3015,1.50,3.17
2016.09.02 09:10:19.183,1.30127,1.3015,1.12,3.17
2016.09.02 09:10:19.237,1.30127,1.30149,1.12,3.00
2016.09.02 09:10:19.392,1.30126,1.30149,1.87,3.00
2016.09.02 09:10:19.443,1.30126,1.30151,1.87,1.12
2016.09.02 09:10:19.495,1.30129,1.30148,1.00,1.00
2016.09.02 09:10:20.398,1.30129,1.3015,1.00,1.00
2016.09.02 09:10:20.449,1.30129,1.3015,1.37,1.00
2016.09.02 09:10:20.501,1.30136,1.30153,1.00,1.00
2016.09.02 09:10:20.552,1.30136,1.30154,1.00,1.00
2016.09.02 09:10:20.603,1.30139,1.30155,1.00,1.00
2016.09.02 09:10:20.654,1.30139,1.30157,1.00,2.62
2016.09.02 09:10:20.705,1.30137,1.30157,1.00,2.62
2016.09.02 09:10:20.871,1.30136,1.30157,1.12,3.00
2016.09.02 09:10:20.923,1.30135,1.30157,1.87,3.00
2016.09.02 09:10:20.975,1.30135,1.30154,1.87,2.62
2016.09.02 09:10:21.066,1.30133,1.30154,1.75,3.00
2016.09.02 09:10:21.117,1.30133,1.30153,1.75,1.75
2016.09.02 09:10:21.168,1.30129,1.30152,2.25,1.00
2016.09.02 09:10:21.219,1.30126,1.30152,4.31,1.00
2016.09.02 09:10:21.270,1.30128,1.30153,1.00,3.75
2016.09.02 09:10:21.372,1.30126,1.30153,3.00,1.75
2016.09.02 09:10:21.423,1.30126,1.30149,1.12,1.00
2016.09.02 09:10:21.527,1.30128,1.30149,1.00,1.00
2016.09.02 09:10:21.680,1.30127,1.30149,1.37,1.00
2016.09.02 09:10:22.294,1.30127,1.30151,1.37,1.12
2016.09.02 09:10:22.483,1.3013,1.30151,1.50,1.00
2016.09.02 09:10:22.535,1.30131,1.30151,1.37,1.00
2016.09.02 09:10:22.588,1.30137,1.30157,1.00,1.50
2016.09.02 09:10:22.641,1.30137,1.30157,1.00,1.00
2016.09.02 09:10:22.692,1.30136,1.30156,1.00,1.00
2016.09.02 09:10:22.744,1.30136,1.30156,1.00,1.12
2016.09.02 09:10:22.795,1.30138,1.30154,1.12,1.00
2016.09.02 09:10:23.104,1.30137,1.30155,1.50,1.00
2016.09.02 09:10:23.355,1.30137,1.30155,1.50,1.12
2016.09.02 09:10:23.907,1.30135,1.30155,2.25,1.12
2016.09.02 09:10:24.514,1.30136,1.30154,1.75,1.00
2016.09.02 09:10:24.719,1.30135,1.30154,2.25,1.00
2016.09.02 09:10:25.128,1.30135,1.30155,2.25,1.12
2016.09.02 09:10:25.810,1.30136,1.30155,1.75,1.12
2016.09.02 09:10:26.198,1.30137,1.30155,1.50,1.12
2016.09.02 09:10:26.300,1.30135,1.30155,1.75,1.12
2016.09.02 09:10:26.841,1.30135,1.30155,1.75,1.00
2016.09.02 09:10:26.892,1.30136,1.30155,1.87,1.00
2016.09.02 09:10:26.994,1.30136,1.30155,1.12,1.00
2016.09.02 09:10:27.045,1.30135,1.30155,1.75,1.00
2016.09.02 09:10:27.651,1.30135,1.30154,1.75,1.00
2016.09.02 09:10:27.754,1.30136,1.30155,1.12,1.00
2016.09.02 09:10:27.907,1.30137,1.30155,1.50,1.00
2016.09.02 09:10:28.009,1.30136,1.30155,1.75,1.00
2016.09.02 09:10:28.111,1.30136,1.30155,1.12,1.00
2016.09.02 09:10:28.692,1.30135,1.30155,2.62,1.00
2016.09.02 09:10:28.743,1.30135,1.30155,1.87,1.00
2016.09.02 09:10:28.795,1.30137,1.30155,1.00,1.00
2016.09.02 09:10:29.010,1.30136,1.30155,1.12,1.00
2016.09.02 09:10:29.224,1.30136,1.30156,1.87,1.00
2016.09.02 09:10:29.276,1.30136,1.30156,1.87,1.12
2016.09.02 09:10:29.328,1.30136,1.30154,1.12,1.00
2016.09.02 09:10:29.430,1.30135,1.30155,1.50,1.87
2016.09.02 09:10:29.481,1.30135,1.30155,1.50,1.50
2016.09.02 09:10:29.532,1.30136,1.30155,1.12,1.00
2016.09.02 09:10:29.634,1.30135,1.30154,1.50,1.00
2016.09.02 09:10:30.013,1.30134,1.30154,1.75,1.00
2016.09.02 09:10:30.115,1.30133,1.30153,1.75,1.00
2016.09.02 09:10:30.218,1.30133,1.3015,1.75,1.00
2016.09.02 09:10:30.728,1.30134,1.30152,1.75,1.00
2016.09.02 09:10:30.830,1.30134,1.30154,1.75,3.75
2016.09.02 09:10:30.881,1.30134,1.30154,1.75,4.50
2016.09.02 09:10:30.983,1.30134,1.30154,1.75,1.87
2016.09.02 09:10:31.034,1.30133,1.30153,2.25,1.00
2016.09.02 09:10:31.197,1.30133,1.30154,2.62,1.12
2016.09.02 09:10:31.501,1.30135,1.30154,1.37,1.00
2016.09.02 09:10:31.553,1.30136,1.30154,1.00,1.00
2016.09.02 09:10:31.604,1.30136,1.30154,1.00,1.50
2016.09.02 09:10:32.131,1.30134,1.30154,2.25,1.50
2016.09.02 09:10:32.182,1.30134,1.30154,1.87,1.50
2016.09.02 09:10:32.233,1.30134,1.30154,1.75,1.50
2016.09.02 09:10:32.521,1.30136,1.30154,1.12,1.00
2016.09.02 09:10:32.726,1.30134,1.30154,1.75,1.00
2016.09.02 09:10:33.850,1.30135,1.30154,1.37,1.00
2016.09.02 09:10:33.902,1.30136,1.30154,1.00,1.50
2016.09.02 09:10:34.055,1.30136,1.30154,1.50,1.50
2016.09.02 09:10:35.332,1.30136,1.30154,1.12,1.50
2016.09.02 09:10:35.536,1.30136,1.30154,1.50,1.50
2016.09.02 09:10:36.002,1.30136,1.30154,1.12,1.50
2016.09.02 09:10:36.503,1.30136,1.30154,1.12,1.00
2016.09.02 09:10:36.656,1.30134,1.30155,1.87,1.12
2016.09.02 09:10:36.918,1.30135,1.30153,1.50,1.00
2016.09.02 09:10:37.345,1.30135,1.30153,1.50,1.00
2016.09.02 09:10:37.522,1.30133,1.30152,1.00,1.00
2016.09.02 09:10:37.931,1.30134,1.30153,1.00,1.00
2016.09.02 09:10:38.033,1.30134,1.30154,1.00,1.00
2016.09.02 09:10:38.266,1.30134,1.30153,1.00,1.00
2016.09.02 09:10:38.317,1.30134,1.30154,1.00,1.50
2016.09.02 09:10:38.368,1.30134,1.30152,1.00,1.00
2016.09.02 09:10:38.951,1.30133,1.30153,1.00,1.12
2016.09.02 09:10:39.002,1.30133,1.30153,1.00,1.50
2016.09.02 09:10:39.819,1.30133,1.30153,1.00,1.50
2016.09.02 09:10:39.870,1.30133,1.30151,1.00,1.50
2016.09.02 09:10:40.278,1.30132,1.30152,1.12,1.75
2016.09.02 09:10:40.424,1.30132,1.30152,1.12,1.50
2016.09.02 09:10:41.478,1.30132,1.30152,1.12,1.37
2016.09.02 09:10:44.182,1.3014,1.30155,1.00,1.50
2016.09.02 09:10:44.234,1.3014,1.30158,1.00,1.50
2016.09.02 09:10:44.285,1.30143,1.30159,1.00,1.12
2016.09.02 09:10:44.337,1.30142,1.3016,1.00,1.37
2016.09.02 09:10:44.428,1.30142,1.30162,1.00,3.37
2016.09.02 09:10:44.481,1.30144,1.30162,1.00,3.75
2016.09.02 09:10:44.583,1.30144,1.30162,1.00,1.00
2016.09.02 09:10:44.687,1.30145,1.30163,1.00,3.00
2016.09.02 09:10:44.739,1.30145,1.30163,1.00,2.25
2016.09.02 09:10:44.790,1.30145,1.30165,1.00,1.50
2016.09.02 09:10:44.841,1.30147,1.30165,1.00,1.50
2016.09.02 09:10:44.893,1.30147,1.30165,1.00,1.12
2016.09.02 09:10:44.995,1.30147,1.30165,1.00,1.50
2016.09.02 09:10:45.046,1.30142,1.30165,1.50,1.00
2016.09.02 09:10:45.097,1.30142,1.30166,1.50,3.00
2016.09.02 09:10:45.301,1.30142,1.30165,1.50,1.00
2016.09.02 09:10:45.352,1.30144,1.30165,1.00,1.00
2016.09.02 09:10:45.591,1.30144,1.30163,1.00,2.25
2016.09.02 09:10:45.695,1.30144,1.30163,1.00,3.00
2016.09.02 09:10:45.745,1.30144,1.30162,1.50,1.00
2016.09.02 09:10:46.052,1.30144,1.30163,1.50,3.75
2016.09.02 09:10:46.154,1.30146,1.30163,1.00,3.00
2016.09.02 09:10:46.205,1.30146,1.30163,1.00,2.62
2016.09.02 09:10:46.393,1.30146,1.30163,1.00,2.25
2016.09.02 09:10:46.698,1.30146,1.30164,1.00,3.00
2016.09.02 09:10:46.749,1.30144,1.30164,1.50,3.00
2016.09.02 09:10:46.800,1.30144,1.30164,1.50,1.00
2016.09.02 09:10:46.902,1.30144,1.30164,1.50,1.12
2016.09.02 09:10:46.953,1.30144,1.30162,1.50,1.00
2016.09.02 09:10:47.951,1.30145,1.30163,1.00,1.00
2016.09.02 09:10:48.052,1.30144,1.30162,1.50,1.00
2016.09.02 09:10:49.791,1.30144,1.30164,1.50,1.56
2016.09.02 09:10:50.488,1.30144,1.30164,1.87,1.31
