2009.10.19 03:00:04.896,1.6656,1.66615,1.60,1.40
2009.10.19 03:00:06.495,1.66565,1.66615,1.00,1.40
2009.10.19 03:00:25.340,1.6656,1.66615,1.40,1.40
2009.10.19 03:00:27.150,1.6656,1.66615,2.20,1.40
2009.10.19 03:00:45.235,1.6656,1.66615,2.40,1.40
2009.10.19 03:00:46.325,1.66565,1.66615,1.00,1.40
2009.10.19 03:00:46.725,1.6656,1.66615,2.40,1.40
2009.10.19 03:00:47.125,1.66565,1.6662,1.40,3.40
2009.10.19 03:00:47.295,1.66565,1.6662,1.40,3.00
2009.10.19 03:00:47.645,1.66565,1.6662,2.20,1.40
2009.10.19 03:00:48.295,1.66565,1.6662,2.40,1.40
2009.10.19 03:01:08.290,1.66565,1.6662,2.20,1.40
2009.10.19 03:01:08.470,1.66565,1.6662,2.40,1.40
2009.10.19 03:01:11.279,1.6657,1.6662,1.00,1.40
2009.10.19 03:01:11.509,1.66565,1.6662,2.40,1.40
2009.10.19 03:01:15.208,1.6657,1.6662,1.00,1.40
2009.10.19 03:01:33.334,1.66565,1.6662,2.40,1.40
2009.10.19 03:01:40.272,1.66565,1.6662,2.20,1.40
2009.10.19 03:01:40.682,1.6656,1.66615,2.40,1.40
2009.10.19 03:01:41.722,1.6656,1.66615,2.20,1.40
2009.10.19 03:01:41.892,1.6656,1.66615,2.40,1.40
2009.10.19 03:01:42.402,1.6656,1.66615,2.20,1.40
2009.10.19 03:01:42.642,1.6657,1.66625,1.40,3.20
2009.10.19 03:01:42.942,1.6657,1.66625,1.40,1.40
2009.10.19 03:01:43.241,1.66575,1.66635,1.40,1.40
2009.10.19 03:01:44.451,1.66575,1.66645,1.40,2.40
2009.10.19 03:01:44.621,1.66575,1.66635,1.40,1.40
2009.10.19 03:01:45.181,1.66575,1.6664,1.40,1.00
2009.10.19 03:01:45.351,1.66575,1.66645,1.40,2.00
2009.10.19 03:01:45.521,1.66575,1.66635,1.40,1.40
2009.10.19 03:01:47.990,1.66575,1.66645,1.40,2.00
2009.10.19 03:01:48.410,1.66575,1.66635,1.40,1.40
2009.10.19 03:02:24.871,1.66575,1.6664,1.40,1.00
2009.10.19 03:02:25.092,1.66575,1.66645,1.40,1.60
2009.10.19 03:02:25.151,1.66575,1.66635,1.60,1.40
2009.10.19 03:02:25.262,1.66585,1.6664,1.40,1.40
2009.10.19 03:02:25.731,1.66585,1.6665,1.00,3.00
2009.10.19 03:02:26.081,1.6659,1.6665,1.40,1.00
2009.10.19 03:02:26.411,1.6659,1.6665,1.40,1.00
2009.10.19 03:02:26.641,1.6659,1.66655,1.40,2.00
2009.10.19 03:02:31.360,1.6659,1.6665,1.40,1.00
2009.10.19 03:02:32.450,1.6659,1.6665,1.40,1.40
2009.10.19 03:02:34.219,1.6659,1.6665,1.40,1.60
2009.10.19 03:02:41.487,1.6659,1.6665,1.40,2.00
2009.10.19 03:02:46.467,1.6659,1.6665,1.40,1.00
2009.10.19 03:02:46.646,1.66585,1.6665,1.00,1.80
2009.10.19 03:02:46.766,1.66575,1.6665,4.00,2.00
2009.10.19 03:02:48.516,1.6658,1.6665,1.00,2.00
2009.10.19 03:02:49.206,1.66575,1.66635,1.60,1.40
2009.10.19 03:02:49.605,1.6658,1.6664,1.40,1.40
2009.10.19 03:02:51.315,1.6658,1.6664,1.60,1.40
2009.10.19 03:03:02.442,1.6658,1.6664,1.40,1.40
2009.10.19 03:03:06.262,1.6658,1.66645,1.40,1.00
2009.10.19 03:03:06.382,1.6658,1.6664,1.40,1.40
2009.10.19 03:03:07.291,1.6658,1.6664,1.50,1.40
2009.10.19 03:03:07.571,1.6658,1.6664,1.60,1.40
2009.10.19 03:03:11.120,1.6658,1.66645,1.40,1.00
2009.10.19 03:03:11.510,1.6658,1.66645,1.60,1.00
2009.10.19 03:03:11.800,1.6658,1.6664,1.60,1.40
2009.10.19 03:03:12.030,1.6658,1.6664,1.40,1.40
2009.10.19 03:03:13.370,1.6658,1.6664,1.50,1.40
2009.10.19 03:03:13.430,1.6658,1.66645,1.50,1.00
2009.10.19 03:03:13.550,1.6658,1.6665,1.60,2.00
2009.10.19 03:03:14.000,1.6658,1.66645,1.60,1.00
2009.10.19 03:03:14.349,1.6658,1.6664,1.40,1.40
2009.10.19 03:03:16.679,1.6658,1.66645,1.40,1.00
2009.10.19 03:03:16.969,1.6658,1.66645,1.40,1.00
2009.10.19 03:03:17.089,1.6658,1.6664,1.40,1.40
2009.10.19 03:03:20.338,1.6658,1.66645,1.60,1.00
2009.10.19 03:03:21.588,1.6658,1.66645,1.60,1.00
2009.10.19 03:03:24.627,1.6659,1.6665,1.60,1.00
2009.10.19 03:03:25.467,1.6659,1.6665,1.40,1.00
2009.10.19 03:03:26.857,1.6659,1.6665,1.60,1.00
2009.10.19 03:03:27.037,1.6659,1.6665,1.40,1.00
2009.10.19 03:03:28.416,1.6659,1.6665,1.60,1.00
2009.10.19 03:03:28.706,1.6659,1.6665,1.60,1.00
2009.10.19 03:03:29.176,1.6659,1.6665,2.40,1.00
2009.10.19 03:03:29.576,1.66595,1.66655,2.20,2.00
2009.10.19 03:03:29.756,1.66595,1.66655,1.00,2.00
2009.10.19 03:03:29.986,1.66595,1.6665,1.00,1.00
2009.10.19 03:03:31.255,1.66595,1.6664,1.00,1.40
2009.10.19 03:03:32.115,1.6659,1.6664,1.00,1.80
2009.10.19 03:03:32.335,1.6659,1.6664,1.00,2.00
2009.10.19 03:03:33.205,1.6659,1.66635,1.00,1.00
2009.10.19 03:03:37.874,1.6658,1.66635,2.40,1.00
2009.10.19 03:03:38.684,1.6658,1.66635,1.00,1.00
2009.10.19 03:03:38.844,1.6658,1.66615,1.00,1.40
2009.10.19 03:03:39.124,1.6658,1.6662,1.00,1.40
2009.10.19 03:03:39.414,1.66575,1.66625,1.00,2.70
2009.10.19 03:03:39.704,1.66565,1.66615,1.00,1.40
2009.10.19 03:03:39.994,1.6657,1.66625,1.40,1.40
2009.10.19 03:03:40.393,1.66565,1.6663,3.20,1.40
2009.10.19 03:03:40.723,1.66565,1.6662,2.40,1.40
2009.10.19 03:03:41.313,1.66565,1.6662,2.20,1.40
2009.10.19 03:03:54.880,1.6656,1.66605,1.00,1.40
2009.10.19 03:03:55.340,1.6655,1.66605,2.00,1.40
2009.10.19 03:03:55.560,1.6655,1.666,1.00,1.40
2009.10.19 03:04:05.137,1.66545,1.6661,1.00,1.60
2009.10.19 03:04:05.367,1.6654,1.66585,1.00,1.40
2009.10.19 03:04:05.587,1.6654,1.6658,1.00,1.60
2009.10.19 03:04:05.747,1.66535,1.6658,1.00,3.00
2009.10.19 03:04:05.927,1.6653,1.6658,1.00,1.40
2009.10.19 03:04:06.347,1.66525,1.6658,2.80,1.40
2009.10.19 03:04:06.527,1.66525,1.6658,3.60,1.40
2009.10.19 03:04:07.287,1.66525,1.6658,2.80,1.40
2009.10.19 03:04:09.096,1.66525,1.6658,2.60,1.60
2009.10.19 03:04:09.386,1.66525,1.66575,1.00,1.90
2009.10.19 03:04:09.626,1.66515,1.66565,1.00,1.40
2009.10.19 03:04:10.276,1.6652,1.66565,1.00,1.40
2009.10.19 03:04:10.456,1.66525,1.66575,1.40,1.00
2009.10.19 03:04:10.626,1.66525,1.66575,1.00,1.40
2009.10.19 03:04:14.195,1.66525,1.6658,1.80,1.40
2009.10.19 03:04:15.245,1.66525,1.6658,2.00,1.40
2009.10.19 03:04:40.059,1.6653,1.66585,1.40,1.60
2009.10.19 03:04:40.279,1.6653,1.66585,2.80,1.40
2009.10.19 03:04:40.509,1.66535,1.6659,1.40,1.40
2009.10.19 03:04:41.199,1.66535,1.6659,1.50,1.40
2009.10.19 03:04:41.369,1.66535,1.6659,1.60,1.40
2009.10.19 03:04:49.067,1.66545,1.6659,1.00,1.40
2009.10.19 03:04:49.237,1.66545,1.66595,2.20,1.40
2009.10.19 03:05:13.201,1.6656,1.66595,1.00,1.40
2009.10.19 03:05:18.560,1.6656,1.666,1.00,1.40
2009.10.19 03:05:21.549,1.6655,1.666,1.40,1.40
2009.10.19 03:05:32.226,1.6654,1.66595,1.60,1.40
2009.10.19 03:05:32.526,1.6654,1.66595,2.00,1.40
2009.10.19 03:05:35.965,1.6654,1.66595,1.80,1.40
2009.10.19 03:05:36.315,1.6654,1.66595,2.00,1.40
2009.10.19 03:05:37.595,1.6654,1.66595,1.80,1.40
2009.10.19 03:05:37.775,1.6654,1.66595,2.00,1.40
2009.10.19 03:05:42.914,1.6654,1.66595,1.80,1.40
2009.10.19 03:05:43.084,1.6654,1.66595,1.40,1.40
2009.10.19 03:05:43.314,1.6654,1.66595,1.50,1.40
2009.10.19 03:05:43.494,1.6654,1.66595,1.60,1.40
2009.10.19 03:05:43.953,1.6654,1.66595,1.40,1.40
2009.10.19 03:05:44.353,1.6654,1.66595,1.60,1.40
2009.10.19 03:05:44.533,1.6654,1.66595,1.40,1.40
2009.10.19 03:05:49.402,1.6654,1.66595,1.60,1.40
2009.10.19 03:05:49.572,1.6654,1.66595,1.40,1.40
2009.10.19 03:06:00.570,1.6654,1.66595,1.60,1.40
2009.10.19 03:06:01.599,1.6654,1.66595,2.40,1.40
2009.10.19 03:06:01.949,1.66545,1.66595,1.00,1.40
2009.10.19 03:06:11.937,1.6654,1.66595,2.40,1.40
2009.10.19 03:06:12.117,1.6654,1.66595,3.20,1.40
2009.10.19 03:06:12.237,1.66545,1.66595,1.00,1.40
2009.10.19 03:06:14.506,1.6654,1.66595,1.60,1.40
2009.10.19 03:06:14.676,1.6654,1.66595,2.40,1.40
2009.10.19 03:06:15.236,1.66545,1.66595,1.00,1.40
2009.10.19 03:06:32.972,1.6654,1.66595,1.60,1.40
2009.10.19 03:06:33.541,1.6654,1.66595,1.40,1.40
2009.10.19 03:06:41.810,1.6654,1.66595,1.60,1.40
2009.10.19 03:06:42.169,1.66545,1.666,1.40,1.40
2009.10.19 03:06:42.510,1.66545,1.66605,1.40,1.00
2009.10.19 03:06:42.730,1.66545,1.66605,1.50,1.00
2009.10.19 03:06:43.179,1.66545,1.66605,1.40,1.00
2009.10.19 03:06:43.399,1.6654,1.66605,1.40,2.20
2009.10.19 03:06:43.630,1.6654,1.666,1.40,1.00
2009.10.19 03:06:44.789,1.6654,1.66605,1.40,2.20
2009.10.19 03:06:45.319,1.6654,1.66605,1.40,2.40
2009.10.19 03:06:46.339,1.6654,1.66605,1.40,3.20
2009.10.19 03:06:46.578,1.6654,1.666,1.40,1.00
2009.10.19 03:06:47.568,1.6654,1.666,1.40,1.00
2009.10.19 03:06:50.707,1.6654,1.666,1.40,1.00
2009.10.19 03:06:51.107,1.66535,1.66605,1.40,3.20
2009.10.19 03:06:52.287,1.66535,1.66605,1.40,2.40
2009.10.19 03:06:52.517,1.66535,1.666,1.40,1.00
2009.10.19 03:06:52.937,1.6653,1.666,1.60,1.40
2009.10.19 03:06:53.047,1.6653,1.666,1.40,1.60
2009.10.19 03:06:53.277,1.66535,1.666,1.00,1.60
2009.10.19 03:06:53.387,1.66535,1.66595,1.00,1.40
2009.10.19 03:06:55.096,1.6653,1.66595,2.20,1.40
2009.10.19 03:06:55.676,1.6653,1.66595,1.40,1.40
2009.10.19 03:06:56.676,1.66525,1.66585,1.60,1.40
2009.10.19 03:06:57.896,1.66525,1.66585,1.60,1.60
2009.10.19 03:06:58.245,1.66525,1.66585,2.40,1.60
2009.10.19 03:06:58.526,1.66525,1.66585,2.80,1.60
2009.10.19 03:06:58.875,1.66535,1.6659,1.40,1.60
2009.10.19 03:07:00.475,1.66535,1.6659,1.60,1.40
2009.10.19 03:08:00.770,1.66535,1.6659,1.40,1.40
2009.10.19 03:08:09.528,1.66535,1.6659,1.60,1.40
2009.10.19 03:08:09.648,1.66545,1.66595,1.40,1.00
2009.10.19 03:08:09.768,1.66545,1.666,1.40,1.40
2009.10.19 03:08:09.888,1.6654,1.66595,1.40,1.40
2009.10.19 03:08:12.758,1.66535,1.6659,1.60,1.40
2009.10.19 03:08:24.185,1.66545,1.66595,1.40,1.40
2009.10.19 03:08:24.475,1.66545,1.66595,2.20,1.40
2009.10.19 03:08:53.238,1.66545,1.66595,3.00,1.40
2009.10.19 03:08:53.358,1.6655,1.66595,1.00,1.40
2009.10.19 03:08:53.478,1.66545,1.66595,3.00,1.40
2009.10.19 03:08:53.758,1.66545,1.66595,3.00,1.60
2009.10.19 03:08:53.928,1.66555,1.66595,1.00,1.90
2009.10.19 03:08:54.048,1.6654,1.6659,1.00,1.40
2009.10.19 03:08:59.966,1.66535,1.6659,2.40,1.40
2009.10.19 03:09:00.266,1.66535,1.6659,1.60,1.40
2009.10.19 03:09:00.376,1.6654,1.6659,1.00,1.40
2009.10.19 03:09:00.726,1.66535,1.6659,2.40,1.40
2009.10.19 03:09:01.066,1.66535,1.6659,1.60,1.40
2009.10.19 03:09:50.914,1.6654,1.66595,1.40,1.60
2009.10.19 03:09:51.144,1.6654,1.66595,2.20,1.60
2009.10.19 03:09:51.654,1.66535,1.6659,1.60,1.40
2009.10.19 03:09:55.333,1.66535,1.6659,1.40,1.40
2009.10.19 03:10:01.941,1.6654,1.6659,1.00,1.40
2009.10.19 03:10:02.121,1.6654,1.6659,1.00,1.40
2009.10.19 03:10:02.511,1.66535,1.6659,2.00,1.40
2009.10.19 03:10:02.921,1.66535,1.6659,2.80,1.40
2009.10.19 03:10:03.561,1.6654,1.6659,1.00,1.40
2009.10.19 03:10:07.050,1.66545,1.66595,2.20,1.40
2009.10.19 03:10:07.520,1.66545,1.66595,3.00,1.40
2009.10.19 03:10:07.990,1.66555,1.666,1.00,1.40
2009.10.19 03:10:13.259,1.6656,1.66605,1.40,1.00
2009.10.19 03:10:13.319,1.66555,1.66605,2.40,2.20
2009.10.19 03:10:14.238,1.66555,1.66605,2.20,2.20
2009.10.19 03:10:22.457,1.66555,1.666,1.00,1.40
2009.10.19 03:10:22.626,1.66555,1.66605,1.00,1.00
2009.10.19 03:10:22.977,1.6655,1.666,2.40,1.40
2009.10.19 03:10:23.156,1.6656,1.66605,1.40,1.00
2009.10.19 03:10:23.686,1.66565,1.6661,1.40,1.00
2009.10.19 03:10:25.396,1.66565,1.66615,2.20,1.40
2009.10.19 03:10:28.585,1.66565,1.66615,3.00,1.40
2009.10.19 03:10:28.765,1.6657,1.66615,1.00,1.40
2009.10.19 03:10:28.935,1.6657,1.66605,1.00,1.00
2009.10.19 03:10:29.045,1.6657,1.6662,1.00,1.90
2009.10.19 03:10:29.215,1.6656,1.666,1.00,2.20
2009.10.19 03:10:29.385,1.66555,1.6661,1.00,1.40
2009.10.19 03:10:29.725,1.6654,1.6661,1.00,1.40
2009.10.19 03:10:30.075,1.6654,1.6661,1.00,1.80
2009.10.19 03:10:30.425,1.6654,1.666,2.20,1.40
2009.10.19 03:10:30.645,1.66545,1.66605,1.40,1.00
2009.10.19 03:10:30.944,1.6654,1.6661,1.00,1.40
2009.10.19 03:10:31.174,1.66545,1.6661,1.40,2.20
2009.10.19 03:10:31.405,1.66545,1.6661,1.40,1.40
2009.10.19 03:10:31.634,1.6654,1.6661,1.00,1.40
2009.10.19 03:10:31.964,1.66545,1.6661,1.40,1.40
2009.10.19 03:10:32.314,1.66545,1.6661,1.60,1.40
2009.10.19 03:10:32.714,1.66545,1.6661,1.40,1.40
2009.10.19 03:10:34.314,1.66545,1.6661,1.60,1.40
2009.10.19 03:10:34.903,1.6654,1.666,2.40,1.40
2009.10.19 03:10:35.404,1.66545,1.666,1.00,1.40
2009.10.19 03:10:35.633,1.66545,1.6661,1.60,1.80
2009.10.19 03:10:35.933,1.66545,1.666,1.00,1.40
2009.10.19 03:10:38.173,1.66545,1.6661,1.60,1.80
2009.10.19 03:10:38.293,1.66545,1.6661,1.60,1.60
2009.10.19 03:10:38.523,1.66545,1.666,1.00,1.40
2009.10.19 03:10:39.792,1.66555,1.66605,1.40,1.40
2009.10.19 03:10:42.252,1.66555,1.66615,1.60,1.00
2009.10.19 03:10:42.362,1.66555,1.6661,1.60,1.00
2009.10.19 03:10:43.181,1.6656,1.6661,1.00,1.00
2009.10.19 03:10:43.301,1.6656,1.6661,1.00,1.00
2009.10.19 03:10:44.491,1.66555,1.66605,1.60,1.40
2009.10.19 03:10:44.961,1.66555,1.6661,1.60,1.00
2009.10.19 03:10:45.241,1.66555,1.66615,1.60,1.00
2009.10.19 03:10:46.630,1.6656,1.6662,1.00,2.00
2009.10.19 03:10:56.088,1.66565,1.6662,1.40,1.00
2009.10.19 03:10:57.588,1.66575,1.66625,1.40,1.00
2009.10.19 03:10:57.938,1.66575,1.6663,1.40,1.00
2009.10.19 03:10:59.217,1.66575,1.6663,1.60,1.00
2009.10.19 03:11:00.147,1.66575,1.6663,1.40,1.00
2009.10.19 03:11:08.035,1.6656,1.6663,2.40,1.00
2009.10.19 03:11:09.455,1.6656,1.6663,2.20,1.00
2009.10.19 03:11:10.415,1.6656,1.6663,2.40,1.00
2009.10.19 03:11:10.985,1.6656,1.6663,1.00,2.00
2009.10.19 03:11:11.165,1.6656,1.6663,1.00,2.00
2009.10.19 03:11:12.204,1.6656,1.6663,1.00,1.80
2009.10.19 03:11:12.564,1.66575,1.6663,1.00,1.80
2009.10.19 03:11:12.674,1.66565,1.6663,1.00,1.80
2009.10.19 03:11:12.794,1.66565,1.6663,1.00,1.00
2009.10.19 03:11:13.154,1.66565,1.66625,1.00,1.00
2009.10.19 03:11:13.864,1.6657,1.66625,1.00,1.00
2009.10.19 03:11:14.154,1.6657,1.66625,1.00,1.00
2009.10.19 03:11:14.724,1.66565,1.66625,1.00,1.00
2009.10.19 03:11:15.244,1.66565,1.66625,1.00,1.00
2009.10.19 03:11:15.424,1.66565,1.6662,1.00,1.00
2009.10.19 03:11:15.593,1.6656,1.6662,1.00,1.00
2009.10.19 03:11:17.133,1.66555,1.6662,1.60,1.00
2009.10.19 03:11:17.473,1.66555,1.6662,1.00,1.00
2009.10.19 03:11:34.319,1.66555,1.6662,1.00,1.00
2009.10.19 03:11:34.429,1.66555,1.66615,1.00,1.40
2009.10.19 03:11:36.599,1.66555,1.666,1.00,1.40
2009.10.19 03:11:38.368,1.66555,1.6661,1.00,1.20
2009.10.19 03:11:38.478,1.66555,1.66615,1.00,2.40
2009.10.19 03:11:38.708,1.6655,1.66615,1.00,2.40
2009.10.19 03:11:39.008,1.6655,1.66605,1.00,1.40
2009.10.19 03:11:39.658,1.66545,1.66605,1.00,1.40
2009.10.19 03:11:47.616,1.66545,1.66605,1.00,1.40
2009.10.19 03:11:47.726,1.66545,1.6662,1.00,2.60
2009.10.19 03:11:47.906,1.6654,1.6661,1.00,1.40
2009.10.19 03:11:48.066,1.6654,1.666,1.60,1.40
2009.10.19 03:11:48.356,1.6654,1.666,1.40,1.40
2009.10.19 03:11:48.536,1.6654,1.666,1.40,2.20
2009.10.19 03:11:49.035,1.6654,1.666,1.40,1.40
2009.10.19 03:11:49.385,1.66545,1.6661,1.60,1.80
2009.10.19 03:11:49.765,1.66545,1.666,1.00,1.40
2009.10.19 03:11:52.025,1.66545,1.6661,1.60,1.40
2009.10.19 03:11:52.185,1.66545,1.666,1.00,1.40
2009.10.19 03:11:52.535,1.66545,1.6661,1.60,1.40
2009.10.19 03:11:52.715,1.66545,1.666,1.00,1.40
2009.10.19 03:11:57.233,1.66545,1.6661,1.60,2.00
2009.10.19 03:11:57.514,1.66545,1.666,1.00,1.40
2009.10.19 03:12:00.063,1.66545,1.6661,1.60,2.00
2009.10.19 03:12:00.353,1.66545,1.666,1.00,1.40
2009.10.19 03:12:12.300,1.66545,1.666,1.60,1.40
2009.10.19 03:12:12.640,1.66545,1.6661,1.40,2.00
2009.10.19 03:12:12.820,1.66545,1.6661,1.40,1.60
2009.10.19 03:12:12.990,1.66545,1.666,1.40,1.40
2009.10.19 03:12:15.229,1.6654,1.6661,1.00,2.20
2009.10.19 03:12:15.389,1.6654,1.6661,1.00,3.40
2009.10.19 03:12:15.509,1.6654,1.66595,1.00,1.40
2009.10.19 03:12:17.199,1.66535,1.66595,1.60,1.40
2009.10.19 03:12:17.369,1.6654,1.66595,1.00,1.40
2009.10.19 03:12:17.549,1.66545,1.66615,2.20,1.80
2009.10.19 03:12:17.709,1.66545,1.66615,2.20,1.40
2009.10.19 03:12:17.889,1.66545,1.66615,1.40,1.40
2009.10.19 03:12:18.918,1.66545,1.66615,2.20,2.20
2009.10.19 03:12:19.338,1.66545,1.66615,2.40,2.20
2009.10.19 03:12:20.588,1.66545,1.66615,2.40,1.80
2009.10.19 03:12:21.108,1.6655,1.66615,1.40,1.80
2009.10.19 03:12:21.218,1.66545,1.666,1.00,1.40
2009.10.19 03:12:21.278,1.6655,1.666,1.00,1.40
2009.10.19 03:12:21.848,1.66535,1.66585,2.20,1.40
2009.10.19 03:12:22.178,1.66535,1.66585,1.60,1.40
2009.10.19 03:12:22.527,1.66535,1.66585,1.40,1.40
2009.10.19 03:12:23.368,1.6654,1.66585,1.00,1.40
2009.10.19 03:12:23.667,1.6654,1.66585,1.60,1.40
2009.10.19 03:12:24.987,1.6654,1.66585,1.00,1.40
2009.10.19 03:12:25.337,1.6653,1.6659,1.00,1.40
2009.10.19 03:12:25.787,1.6654,1.6659,1.00,1.40
2009.10.19 03:12:26.127,1.6654,1.6659,1.00,1.60
2009.10.19 03:12:26.477,1.6654,1.6659,1.00,1.40
2009.10.19 03:12:27.436,1.6654,1.6659,1.00,1.60
2009.10.19 03:12:27.737,1.66535,1.6659,1.00,1.60
2009.10.19 03:12:27.966,1.66535,1.6659,1.00,1.40
2009.10.19 03:12:28.146,1.66535,1.6659,1.00,1.40
2009.10.19 03:12:28.206,1.6653,1.6659,1.00,1.40
2009.10.19 03:12:28.316,1.66535,1.66595,1.40,1.40
2009.10.19 03:12:28.426,1.66535,1.66595,1.00,1.60
2009.10.19 03:12:28.526,1.66525,1.6659,1.00,1.40
2009.10.19 03:12:28.646,1.66525,1.66575,1.00,1.40
2009.10.19 03:12:28.756,1.6653,1.66575,1.00,1.40
2009.10.19 03:12:29.107,1.66525,1.6658,3.20,1.40
2009.10.19 03:12:29.456,1.66525,1.6658,2.40,1.40
2009.10.19 03:12:29.806,1.66525,1.6658,2.60,1.40
2009.10.19 03:12:30.376,1.6653,1.6658,1.00,1.40
2009.10.19 03:12:31.315,1.66535,1.6658,1.00,1.40
2009.10.19 03:12:31.666,1.6653,1.6658,1.00,1.40
2009.10.19 03:12:33.155,1.66535,1.66585,1.40,1.40
2009.10.19 03:12:33.265,1.66535,1.66585,1.40,1.60
2009.10.19 03:12:33.375,1.66535,1.66585,2.40,1.40
2009.10.19 03:12:33.495,1.6654,1.666,1.40,1.40
2009.10.19 03:12:33.555,1.6654,1.666,1.60,1.40
2009.10.19 03:12:34.415,1.66545,1.6661,1.00,1.40
2009.10.19 03:12:34.765,1.6654,1.6661,1.60,1.40
2009.10.19 03:12:35.115,1.66555,1.6661,1.40,1.40
2009.10.19 03:12:35.814,1.6654,1.66605,2.80,1.40
2009.10.19 03:12:35.934,1.6654,1.66605,2.40,1.40
2009.10.19 03:12:36.054,1.66545,1.66615,1.60,1.00
2009.10.19 03:12:36.474,1.66545,1.6662,2.40,2.60
2009.10.19 03:12:36.824,1.6655,1.6662,1.00,2.60
2009.10.19 03:12:37.104,1.66555,1.6662,1.00,2.60
2009.10.19 03:12:37.454,1.66555,1.66605,1.60,1.40
2009.10.19 03:12:38.574,1.6654,1.66605,2.20,1.80
2009.10.19 03:12:39.304,1.66545,1.66605,1.00,1.80
2009.10.19 03:12:39.953,1.6655,1.66605,1.00,1.80
2009.10.19 03:12:40.353,1.66545,1.66605,1.00,1.80
2009.10.19 03:12:41.053,1.6655,1.66605,1.00,1.80
2009.10.19 03:12:41.173,1.66545,1.66605,1.00,1.80
2009.10.19 03:12:42.213,1.6655,1.66595,1.00,1.40
2009.10.19 03:12:42.553,1.66545,1.66595,1.60,1.40
2009.10.19 03:12:43.832,1.66555,1.66595,1.00,1.60
2009.10.19 03:12:44.392,1.66555,1.66595,1.00,1.40
2009.10.19 03:12:45.312,1.66545,1.66595,1.00,1.60
2009.10.19 03:12:47.521,1.66545,1.66595,1.00,1.40
2009.10.19 03:12:49.141,1.66545,1.666,1.00,1.40
2009.10.19 03:12:49.431,1.66555,1.666,1.00,1.40
2009.10.19 03:12:50.011,1.66555,1.666,1.00,1.80
2009.10.19 03:12:50.241,1.66555,1.666,1.00,1.90
2009.10.19 03:12:50.461,1.66555,1.666,1.00,2.00
2009.10.19 03:12:50.691,1.66555,1.666,1.00,1.00
2009.10.19 03:12:50.931,1.66555,1.66605,1.00,1.80
2009.10.19 03:12:51.631,1.66545,1.66605,1.00,1.80
2009.10.19 03:12:52.210,1.66545,1.6659,1.00,1.40
2009.10.19 03:12:52.540,1.6654,1.66595,1.00,2.60
2009.10.19 03:12:53.610,1.66535,1.6658,1.00,1.40
2009.10.19 03:12:54.240,1.66545,1.66595,1.40,2.20
2009.10.19 03:12:54.570,1.6654,1.6659,1.40,1.40
2009.10.19 03:12:56.339,1.6654,1.6659,1.60,1.40
2009.10.19 03:12:56.670,1.6654,1.6659,1.40,1.40
2009.10.19 03:12:57.359,1.6654,1.666,1.40,1.00
2009.10.19 03:12:58.229,1.66535,1.666,1.00,1.00
2009.10.19 03:12:58.409,1.6653,1.666,1.00,1.00
2009.10.19 03:12:58.579,1.6653,1.6659,1.00,1.40
2009.10.19 03:12:59.728,1.66535,1.6659,1.00,1.40
2009.10.19 03:13:00.068,1.66545,1.6661,1.40,1.60
2009.10.19 03:13:00.239,1.66545,1.66605,2.20,1.00
2009.10.19 03:13:00.588,1.6655,1.66605,1.00,1.00
2009.10.19 03:13:00.808,1.6655,1.66605,1.00,1.60
2009.10.19 03:13:00.978,1.6655,1.66605,1.00,1.00
2009.10.19 03:13:01.159,1.6656,1.6661,1.40,1.40
2009.10.19 03:13:01.508,1.6655,1.6661,1.00,1.40
2009.10.19 03:13:03.728,1.6655,1.6661,1.20,1.40
2009.10.19 03:13:03.948,1.6656,1.6661,1.40,1.40
2009.10.19 03:13:04.127,1.6655,1.6661,1.00,1.40
2009.10.19 03:13:04.367,1.6656,1.6661,1.40,1.40
2009.10.19 03:13:05.137,1.6655,1.6661,1.30,1.40
2009.10.19 03:13:05.367,1.66555,1.6661,1.00,1.40
2009.10.19 03:13:05.527,1.6656,1.6661,1.40,1.40
2009.10.19 03:13:05.877,1.6655,1.6661,1.40,1.40
2009.10.19 03:13:05.987,1.6656,1.6661,1.40,1.40
2009.10.19 03:13:08.866,1.6655,1.6661,1.40,1.40
2009.10.19 03:13:09.096,1.66555,1.6661,1.00,1.40
2009.10.19 03:13:09.316,1.66555,1.6661,2.40,1.40
2009.10.19 03:13:09.556,1.6656,1.66625,1.40,1.80
2009.10.19 03:13:09.886,1.6655,1.66615,2.80,1.40
2009.10.19 03:13:10.226,1.6655,1.66615,2.20,1.40
2009.10.19 03:13:11.296,1.6655,1.66615,2.40,1.40
2009.10.19 03:13:11.476,1.6655,1.66615,1.60,1.40
2009.10.19 03:13:11.776,1.6655,1.66605,1.40,1.40
2009.10.19 03:13:12.346,1.6655,1.66615,1.60,1.80
2009.10.19 03:13:12.636,1.6655,1.6661,1.40,1.00
2009.10.19 03:13:12.986,1.6656,1.66615,1.40,1.40
2009.10.19 03:13:13.336,1.6655,1.6661,1.00,1.40
2009.10.19 03:13:13.685,1.6656,1.66615,1.40,1.40
2009.10.19 03:13:13.865,1.66565,1.6662,1.40,1.00
2009.10.19 03:13:14.095,1.66565,1.6662,1.40,1.00
2009.10.19 03:13:14.325,1.66555,1.6662,1.00,2.20
2009.10.19 03:13:14.555,1.66565,1.6662,1.40,1.00
2009.10.19 03:13:14.775,1.66565,1.66625,1.40,1.00
2009.10.19 03:13:15.815,1.6655,1.66625,1.40,1.60
2009.10.19 03:13:15.985,1.6655,1.66625,1.40,2.00
2009.10.19 03:13:16.255,1.66545,1.66625,1.00,2.00
2009.10.19 03:13:16.375,1.66545,1.66625,1.00,2.80
2009.10.19 03:13:16.665,1.6654,1.66625,1.60,2.80
2009.10.19 03:13:17.364,1.6654,1.66625,2.40,2.80
2009.10.19 03:13:17.694,1.6654,1.66615,2.40,1.40
2009.10.19 03:13:17.984,1.6654,1.66615,1.60,1.40
2009.10.19 03:13:18.224,1.66535,1.66615,2.00,1.40
2009.10.19 03:13:18.514,1.6654,1.66615,1.00,1.40
2009.10.19 03:13:19.134,1.6654,1.6662,1.40,2.00
2009.10.19 03:13:19.494,1.66535,1.66605,1.60,1.40
2009.10.19 03:13:19.834,1.66535,1.66605,1.40,1.40
2009.10.19 03:13:20.354,1.6654,1.6661,1.60,1.00
2009.10.19 03:13:21.343,1.6654,1.66615,1.60,1.00
2009.10.19 03:13:22.303,1.66545,1.66615,1.00,1.00
2009.10.19 03:13:28.082,1.6655,1.6661,1.40,1.40
2009.10.19 03:13:28.421,1.6655,1.6661,1.40,1.80
2009.10.19 03:13:28.772,1.66545,1.6661,1.60,1.80
2009.10.19 03:13:29.002,1.6655,1.6662,1.40,2.40
2009.10.19 03:13:29.511,1.6655,1.6662,1.40,2.00
2009.10.19 03:13:29.862,1.6655,1.66615,1.40,1.00
2009.10.19 03:13:30.201,1.6655,1.66615,1.40,1.00
2009.10.19 03:13:30.541,1.6655,1.66615,1.40,1.00
2009.10.19 03:13:31.231,1.6655,1.66615,1.40,1.80
2009.10.19 03:13:31.521,1.6655,1.6661,1.40,1.40
2009.10.19 03:13:32.201,1.66555,1.6662,1.40,1.40
2009.10.19 03:13:33.530,1.66555,1.66615,1.40,1.00
2009.10.19 03:13:35.270,1.6655,1.66615,1.60,1.00
2009.10.19 03:13:35.440,1.66555,1.66615,1.40,1.00
2009.10.19 03:13:35.670,1.66555,1.6662,1.40,2.40
2009.10.19 03:13:35.840,1.6655,1.6662,1.40,1.60
2009.10.19 03:13:36.190,1.6655,1.6662,1.40,2.00
2009.10.19 03:13:36.520,1.6655,1.6662,1.40,1.60
2009.10.19 03:13:37.159,1.6655,1.66615,1.40,1.40
2009.10.19 03:13:37.540,1.66555,1.6662,1.40,1.60
2009.10.19 03:13:38.529,1.66555,1.6662,1.40,2.40
2009.10.19 03:13:39.279,1.66555,1.66615,1.40,1.00
2009.10.19 03:13:41.359,1.6655,1.66615,1.60,1.00
2009.10.19 03:13:41.718,1.6655,1.6662,1.40,1.00
2009.10.19 03:13:42.748,1.6655,1.6662,1.40,1.60
2009.10.19 03:13:43.848,1.6655,1.6662,1.40,2.40
2009.10.19 03:13:45.288,1.6655,1.6661,1.40,1.40
2009.10.19 03:13:46.317,1.6655,1.6661,1.60,1.60
2009.10.19 03:13:46.667,1.6655,1.6661,1.00,1.60
2009.10.19 03:13:46.777,1.6655,1.66615,1.40,1.00
2009.10.19 03:13:46.837,1.6655,1.66615,1.40,1.00
2009.10.19 03:13:48.507,1.6655,1.66615,1.40,1.00
2009.10.19 03:13:52.236,1.6655,1.6661,1.40,1.40
2009.10.19 03:13:53.376,1.6655,1.6661,1.60,1.60
2009.10.19 03:13:54.315,1.6655,1.6661,1.40,1.60
2009.10.19 03:13:54.706,1.6655,1.6661,1.40,1.00
2009.10.19 03:13:55.045,1.6655,1.66605,1.40,1.40
2009.10.19 03:13:55.385,1.6655,1.66605,1.60,1.40
2009.10.19 03:13:55.555,1.66545,1.666,2.80,1.40
2009.10.19 03:13:55.725,1.66545,1.666,2.40,1.40
2009.10.19 03:13:55.895,1.6654,1.6661,1.00,1.80
2009.10.19 03:13:56.125,1.6654,1.66595,1.20,1.40
2009.10.19 03:13:56.305,1.6654,1.6661,2.60,1.00
2009.10.19 03:13:56.475,1.6654,1.66615,2.80,1.80
2009.10.19 03:13:57.285,1.6654,1.66615,2.00,1.80
2009.10.19 03:13:57.625,1.66545,1.6662,1.40,1.80
2009.10.19 03:13:57.915,1.66545,1.6662,2.40,1.80
2009.10.19 03:13:58.785,1.66545,1.6662,2.40,1.40
2009.10.19 03:13:59.534,1.66545,1.6662,2.40,2.20
2009.10.19 03:14:00.644,1.6655,1.6662,1.00,1.40
2009.10.19 03:14:00.694,1.6655,1.6662,1.00,1.40
2009.10.19 03:14:01.404,1.6655,1.6662,1.30,1.40
2009.10.19 03:14:01.464,1.6656,1.66625,1.40,1.00
2009.10.19 03:14:01.984,1.6656,1.66625,2.20,1.00
2009.10.19 03:14:02.674,1.66565,1.66625,1.00,1.00
2009.10.19 03:14:03.124,1.66565,1.66625,1.00,1.00
2009.10.19 03:14:03.354,1.6657,1.6663,1.00,1.00
2009.10.19 03:14:03.593,1.66565,1.66635,3.20,1.60
2009.10.19 03:14:03.873,1.6657,1.6664,1.60,1.00
2009.10.19 03:14:04.223,1.6657,1.6663,1.60,1.40
2009.10.19 03:14:04.863,1.6657,1.6664,1.60,2.00
2009.10.19 03:14:05.263,1.6657,1.6663,1.60,1.40
2009.10.19 03:14:06.003,1.6657,1.6663,2.40,1.40
2009.10.19 03:14:10.432,1.6657,1.6664,2.40,2.00
2009.10.19 03:14:10.902,1.6657,1.6663,2.40,1.40
2009.10.19 03:14:11.361,1.6657,1.66635,2.40,1.00
2009.10.19 03:14:11.701,1.6657,1.6663,2.40,1.40
2009.10.19 03:14:20.539,1.6657,1.6664,1.60,1.00
2009.10.19 03:14:20.990,1.6657,1.6664,1.00,1.80
2009.10.19 03:14:21.569,1.66585,1.66635,1.40,1.00
2009.10.19 03:14:21.909,1.66585,1.6664,1.40,1.00
2009.10.19 03:14:23.348,1.66585,1.6664,1.60,1.00
2009.10.19 03:14:25.908,1.66585,1.6664,1.40,1.00
2009.10.19 03:14:26.018,1.6658,1.6664,1.00,1.00
2009.10.19 03:14:26.258,1.66575,1.6664,1.00,1.00
2009.10.19 03:14:26.828,1.66575,1.66635,1.00,1.00
2009.10.19 03:14:27.168,1.6657,1.66635,1.60,1.00
2009.10.19 03:14:27.527,1.6657,1.6663,1.60,1.80
2009.10.19 03:14:27.768,1.6657,1.6663,1.60,1.00
2009.10.19 03:14:28.047,1.6657,1.6664,1.60,1.00
2009.10.19 03:14:28.547,1.6657,1.6663,1.60,1.00
2009.10.19 03:14:32.706,1.6657,1.66635,1.00,1.00
2009.10.19 03:14:32.986,1.66575,1.6664,1.00,1.00
2009.10.19 03:14:33.626,1.6657,1.66635,1.00,1.00
2009.10.19 03:14:35.495,1.66575,1.66635,1.00,1.00
2009.10.19 03:14:36.145,1.66575,1.6664,1.00,1.80
2009.10.19 03:14:38.065,1.66565,1.6664,3.60,1.80
2009.10.19 03:14:38.185,1.66565,1.6664,2.80,1.80
2009.10.19 03:14:38.365,1.66565,1.66635,1.00,1.80
2009.10.19 03:14:38.475,1.66565,1.6663,1.00,1.00
2009.10.19 03:14:38.585,1.66565,1.6663,1.00,1.80
2009.10.19 03:14:40.685,1.6657,1.66635,1.60,1.80
2009.10.19 03:14:40.865,1.6657,1.66635,1.60,2.60
2009.10.19 03:14:41.376,1.6657,1.66635,1.60,1.80
2009.10.19 03:14:42.284,1.66575,1.66635,1.00,1.80
2009.10.19 03:14:42.634,1.66575,1.6663,1.00,1.00
2009.10.19 03:14:42.864,1.6657,1.6663,1.00,1.80
2009.10.19 03:14:43.154,1.6657,1.66625,1.00,1.00
2009.10.19 03:14:43.394,1.66565,1.66625,1.00,1.80
2009.10.19 03:14:43.684,1.6656,1.6662,1.00,1.40
2009.10.19 03:14:43.854,1.66555,1.6662,2.40,1.80
2009.10.19 03:14:44.034,1.6655,1.6661,1.60,1.40
2009.10.19 03:14:44.214,1.6655,1.6662,1.00,1.80
2009.10.19 03:14:44.373,1.6655,1.66615,1.00,1.00
2009.10.19 03:14:44.543,1.66545,1.6661,1.60,1.40
2009.10.19 03:14:45.113,1.6655,1.6661,1.00,1.40
2009.10.19 03:14:46.143,1.66545,1.6661,1.60,1.40
2009.10.19 03:14:46.383,1.6655,1.6661,1.00,1.40
2009.10.19 03:14:46.493,1.66545,1.6662,1.60,1.80
2009.10.19 03:14:46.663,1.66545,1.6661,1.60,1.40
2009.10.19 03:14:49.132,1.6655,1.6661,1.40,1.40
2009.10.19 03:14:49.362,1.66545,1.6661,1.60,1.40
2009.10.19 03:15:00.160,1.6655,1.66615,1.40,1.40
2009.10.19 03:15:00.800,1.6655,1.66615,1.40,2.20
2009.10.19 03:15:01.099,1.66545,1.6661,1.60,1.80
2009.10.19 03:15:01.679,1.66535,1.66595,1.20,1.40
2009.10.19 03:15:01.979,1.6654,1.666,1.40,1.80
2009.10.19 03:15:02.269,1.6653,1.66595,1.60,1.40
2009.10.19 03:15:03.069,1.66535,1.66585,1.00,1.40
2009.10.19 03:15:03.679,1.6654,1.66585,1.00,1.40
2009.10.19 03:15:04.139,1.6653,1.66585,2.40,1.40
2009.10.19 03:15:04.499,1.66535,1.66585,1.00,1.40
2009.10.19 03:15:05.168,1.6653,1.66585,2.40,1.40
2009.10.19 03:15:05.518,1.66535,1.66585,1.00,1.40
2009.10.19 03:15:06.208,1.6653,1.66585,2.40,1.40
2009.10.19 03:15:06.558,1.66535,1.66585,1.00,1.40
2009.10.19 03:15:07.688,1.6653,1.66585,2.40,1.40
2009.10.19 03:15:08.028,1.6654,1.6659,1.40,1.40
2009.10.19 03:15:08.368,1.6653,1.6659,2.40,1.40
2009.10.19 03:15:08.478,1.66545,1.666,1.40,1.80
2009.10.19 03:15:08.658,1.66545,1.666,1.40,1.40
2009.10.19 03:15:08.768,1.6654,1.666,1.40,1.40
2009.10.19 03:15:08.828,1.6654,1.666,1.60,1.40
2009.10.19 03:15:09.218,1.66545,1.666,1.40,1.40
2009.10.19 03:15:09.977,1.66545,1.666,1.60,1.40
2009.10.19 03:15:11.367,1.6655,1.666,1.00,1.40
2009.10.19 03:15:13.496,1.66545,1.666,1.40,1.40
2009.10.19 03:15:15.466,1.66545,1.666,1.60,1.40
2009.10.19 03:15:21.614,1.6655,1.66605,1.40,1.00
2009.10.19 03:15:21.724,1.6655,1.66615,1.40,1.40
2009.10.19 03:15:21.894,1.6655,1.6662,1.60,2.60
2009.10.19 03:15:22.014,1.66555,1.66615,1.00,1.40
2009.10.19 03:15:22.294,1.6655,1.66615,1.60,1.40
2009.10.19 03:15:22.464,1.6655,1.66605,1.60,1.40
2009.10.19 03:15:23.274,1.6655,1.66605,1.40,1.40
2009.10.19 03:15:31.563,1.66555,1.6661,1.40,1.40
2009.10.19 03:15:32.702,1.6656,1.6662,1.40,1.40
2009.10.19 03:15:33.052,1.6656,1.6662,1.60,1.40
2009.10.19 03:15:33.911,1.66565,1.6662,1.00,1.40
2009.10.19 03:15:34.361,1.66565,1.66615,1.00,1.40
2009.10.19 03:15:34.591,1.66555,1.66615,1.00,1.40
2009.10.19 03:15:34.821,1.6655,1.66615,1.60,1.40
2009.10.19 03:15:36.221,1.66555,1.66615,1.00,1.40
2009.10.19 03:15:36.661,1.6655,1.66605,1.40,1.40
2009.10.19 03:15:37.061,1.6655,1.66605,1.60,1.40
2009.10.19 03:15:38.301,1.66555,1.66605,1.00,1.40
2009.10.19 03:15:38.420,1.66555,1.66605,1.00,1.40
2009.10.19 03:15:42.260,1.6656,1.66615,2.40,1.40
2009.10.19 03:15:43.309,1.6656,1.66615,2.20,1.40
2009.10.19 03:15:47.558,1.6656,1.66615,2.40,1.40
2009.10.19 03:15:47.778,1.66555,1.6661,1.40,1.40
2009.10.19 03:15:48.248,1.6655,1.6661,2.20,1.00
2009.10.19 03:15:48.668,1.6655,1.66605,1.00,1.40
2009.10.19 03:15:48.838,1.66555,1.66605,1.00,1.40
2009.10.19 03:15:49.068,1.6655,1.66615,1.40,1.80
2009.10.19 03:15:49.298,1.6655,1.66615,2.20,2.60
2009.10.19 03:15:49.648,1.6655,1.6661,2.20,1.00
2009.10.19 03:15:50.298,1.6655,1.6661,2.40,1.00
2009.10.19 03:15:52.077,1.6655,1.66605,2.40,1.40
2009.10.19 03:15:52.257,1.6655,1.66605,2.20,1.40
2009.10.19 03:15:52.377,1.6655,1.66605,2.20,1.80
2009.10.19 03:15:55.586,1.6655,1.66605,2.20,2.60
2009.10.19 03:15:56.606,1.6655,1.66605,2.20,1.80
2009.10.19 03:16:04.894,1.6655,1.66605,2.20,1.40
2009.10.19 03:16:06.254,1.6655,1.66605,2.40,1.40
2009.10.19 03:16:07.343,1.6655,1.666,2.20,1.00
2009.10.19 03:16:08.923,1.6655,1.66605,2.20,1.80
2009.10.19 03:16:15.661,1.6655,1.66605,1.40,1.80
2009.10.19 03:16:20.580,1.6654,1.66595,1.60,1.40
2009.10.19 03:16:22.220,1.6654,1.66595,1.40,1.40
2009.10.19 03:16:26.509,1.6654,1.66595,1.60,1.40
2009.10.19 03:16:29.998,1.66535,1.6659,1.40,1.40
2009.10.19 03:16:30.228,1.66535,1.6658,1.00,1.40
2009.10.19 03:16:30.408,1.66535,1.6659,1.60,1.40
2009.10.19 03:16:32.137,1.6653,1.6658,1.00,1.40
2009.10.19 03:16:32.308,1.6653,1.6658,1.00,1.40
2009.10.19 03:16:33.237,1.66525,1.6658,1.60,1.40
2009.10.19 03:16:34.397,1.6653,1.6658,1.00,1.40
2009.10.19 03:16:35.177,1.6654,1.66595,1.40,2.20
2009.10.19 03:16:35.647,1.6654,1.66595,1.40,1.40
2009.10.19 03:16:36.237,1.6654,1.66595,1.60,1.40
2009.10.19 03:16:37.216,1.66545,1.66595,1.00,1.40
2009.10.19 03:16:44.554,1.6654,1.66585,1.00,1.40
2009.10.19 03:16:44.735,1.66535,1.66585,1.00,1.40
2009.10.19 03:16:44.855,1.6653,1.6658,1.00,1.40
2009.10.19 03:16:45.714,1.6652,1.6657,1.00,1.40
2009.10.19 03:16:46.744,1.66515,1.6657,2.80,1.40
2009.10.19 03:16:47.814,1.6652,1.6657,1.00,1.40
2009.10.19 03:16:47.934,1.6652,1.6657,1.00,1.40
2009.10.19 03:16:48.044,1.6653,1.66575,1.40,1.00
2009.10.19 03:16:48.214,1.66525,1.66575,1.60,1.00
2009.10.19 03:16:48.514,1.6653,1.6658,1.00,1.40
2009.10.19 03:16:48.874,1.6653,1.6659,2.00,1.40
2009.10.19 03:16:49.214,1.66535,1.6659,1.00,1.40
2009.10.19 03:16:49.554,1.66535,1.6659,1.60,1.40
2009.10.19 03:16:49.893,1.6654,1.6659,1.00,1.40
2009.10.19 03:16:55.702,1.66535,1.6659,1.50,1.40
2009.10.19 03:16:55.922,1.66535,1.6659,1.60,1.40
2009.10.19 03:16:56.212,1.66535,1.66585,1.00,1.40
2009.10.19 03:16:57.301,1.6653,1.66585,1.60,1.40
2009.10.19 03:16:58.071,1.66535,1.66585,1.00,1.40
2009.10.19 03:16:58.351,1.66525,1.6658,1.40,1.40
2009.10.19 03:16:59.521,1.6653,1.6658,1.00,1.40
2009.10.19 03:17:00.051,1.6653,1.6657,1.00,1.40
2009.10.19 03:17:01.101,1.6653,1.66575,1.00,1.00
2009.10.19 03:17:01.211,1.6653,1.6658,1.00,1.40
2009.10.19 03:17:02.301,1.66535,1.66585,1.00,1.40
2009.10.19 03:17:05.679,1.6653,1.66585,1.00,1.40
2009.10.19 03:17:05.859,1.66535,1.66585,1.00,1.40
2009.10.19 03:17:08.799,1.6653,1.66585,1.60,1.40
2009.10.19 03:17:09.019,1.66535,1.66585,1.00,1.40
2009.10.19 03:17:10.968,1.66535,1.66585,1.00,2.20
2009.10.19 03:17:12.358,1.66525,1.6658,1.60,1.40
2009.10.19 03:17:13.118,1.6653,1.6658,1.00,1.40
2009.10.19 03:17:13.338,1.66525,1.66585,1.60,2.20
2009.10.19 03:17:13.637,1.6653,1.66585,1.00,2.20
2009.10.19 03:17:14.217,1.66535,1.66585,1.00,2.20
2009.10.19 03:17:15.387,1.6654,1.66585,1.00,2.20
2009.10.19 03:17:15.557,1.6654,1.66585,1.00,1.00
2009.10.19 03:17:15.857,1.6654,1.6659,1.00,2.20
2009.10.19 03:17:15.977,1.6654,1.6659,1.00,1.40
2009.10.19 03:17:17.586,1.6654,1.66585,1.00,1.40
2009.10.19 03:17:17.877,1.6653,1.66585,1.00,1.40
2009.10.19 03:17:18.107,1.6653,1.6658,1.00,1.40
2009.10.19 03:17:18.396,1.6653,1.66585,1.00,2.20
2009.10.19 03:17:19.446,1.66535,1.66585,1.00,2.20
2009.10.19 03:17:22.316,1.66535,1.6658,1.00,1.40
2009.10.19 03:17:23.065,1.66535,1.6658,1.00,1.40
2009.10.19 03:17:23.405,1.6653,1.66585,1.60,2.20
2009.10.19 03:17:23.755,1.6653,1.66585,1.60,1.40
2009.10.19 03:17:24.105,1.66535,1.66585,1.00,1.40
2009.10.19 03:17:24.275,1.6653,1.66585,1.60,1.40
2009.10.19 03:17:24.435,1.66535,1.66585,1.00,1.40
2009.10.19 03:17:24.785,1.66525,1.66575,1.00,1.40
2009.10.19 03:17:24.905,1.66525,1.66575,1.00,2.20
2009.10.19 03:17:27.434,1.6653,1.66575,1.40,1.00
2009.10.19 03:17:27.554,1.6653,1.66575,1.60,1.00
2009.10.19 03:17:27.844,1.6653,1.66585,1.60,1.40
2009.10.19 03:17:28.014,1.66535,1.66585,1.00,1.40
2009.10.19 03:17:29.124,1.6654,1.6659,1.00,2.20
2009.10.19 03:17:30.174,1.66535,1.6659,1.60,2.20
2009.10.19 03:17:30.924,1.6654,1.6659,1.00,2.20
2009.10.19 03:17:31.223,1.6654,1.6659,1.60,1.00
2009.10.19 03:17:31.983,1.66535,1.66585,1.00,1.40
2009.10.19 03:17:32.283,1.66535,1.6659,2.40,1.40
2009.10.19 03:17:32.853,1.6654,1.66595,1.00,1.40
2009.10.19 03:17:33.253,1.66535,1.66585,1.00,1.40
2009.10.19 03:17:33.883,1.66535,1.66595,2.00,1.40
2009.10.19 03:17:34.053,1.66535,1.66585,1.00,1.40
2009.10.19 03:17:34.403,1.6654,1.66595,1.00,1.40
2009.10.19 03:17:35.032,1.6654,1.66585,1.00,1.40
2009.10.19 03:17:35.422,1.66535,1.66585,1.00,1.40
2009.10.19 03:17:35.772,1.66535,1.6659,1.40,1.00
2009.10.19 03:17:35.942,1.6654,1.66585,1.00,1.40
2009.10.19 03:17:36.602,1.6654,1.66585,1.00,1.40
2009.10.19 03:17:36.832,1.6654,1.6659,1.00,1.00
2009.10.19 03:17:37.062,1.6654,1.66585,1.00,1.40
2009.10.19 03:17:37.362,1.6654,1.6659,1.00,2.20
2009.10.19 03:17:37.652,1.6654,1.666,1.00,2.40
2009.10.19 03:17:37.891,1.6654,1.6659,1.00,1.40
2009.10.19 03:17:38.121,1.6654,1.66585,1.00,1.40
2009.10.19 03:17:42.131,1.6654,1.66585,1.00,1.40
2009.10.19 03:17:42.301,1.66535,1.66585,2.80,1.40
2009.10.19 03:17:43.220,1.6654,1.66585,1.00,1.40
2009.10.19 03:17:44.340,1.66535,1.6658,1.00,1.40
2009.10.19 03:17:44.450,1.66535,1.66585,1.00,1.40
2009.10.19 03:17:46.220,1.6654,1.66585,1.00,1.40
2009.10.19 03:17:46.280,1.6654,1.66585,1.00,1.40
2009.10.19 03:17:46.739,1.66535,1.66585,1.00,1.40
2009.10.19 03:17:48.279,1.6653,1.66585,1.00,1.40
2009.10.19 03:17:48.459,1.6653,1.6658,1.00,1.40
2009.10.19 03:17:49.019,1.6653,1.6658,1.00,1.40
2009.10.19 03:17:49.139,1.66525,1.6658,1.00,1.40
2009.10.19 03:17:52.958,1.6653,1.6658,1.00,1.40
2009.10.19 03:17:54.248,1.6653,1.66585,1.00,1.40
2009.10.19 03:17:54.598,1.6653,1.66585,1.00,1.60
2009.10.19 03:17:54.928,1.6653,1.6658,1.00,1.40
2009.10.19 03:17:56.467,1.6653,1.6658,1.00,1.40
2009.10.19 03:17:56.867,1.66535,1.6658,1.00,1.40
2009.10.19 03:17:58.247,1.66535,1.6658,1.00,1.40
2009.10.19 03:17:59.287,1.66535,1.6658,1.00,1.40
2009.10.19 03:18:00.396,1.66535,1.6656,1.00,1.40
2009.10.19 03:18:00.686,1.6653,1.6656,1.00,1.40
2009.10.19 03:18:00.916,1.66535,1.6658,1.00,2.20
2009.10.19 03:18:01.196,1.66535,1.6658,1.00,1.40
2009.10.19 03:18:01.436,1.6653,1.66585,1.00,1.00
2009.10.19 03:18:01.666,1.66535,1.66585,1.00,1.00
2009.10.19 03:18:01.836,1.6653,1.66585,1.00,1.00
2009.10.19 03:18:02.066,1.66535,1.66595,1.00,2.20
2009.10.19 03:18:02.466,1.6652,1.66575,1.00,1.40
2009.10.19 03:18:07.675,1.6652,1.66565,1.00,1.40
2009.10.19 03:18:07.894,1.6652,1.66565,1.00,1.40
2009.10.19 03:18:08.074,1.6652,1.66565,1.00,2.20
2009.10.19 03:18:08.304,1.6652,1.66565,1.00,1.40
2009.10.19 03:18:09.464,1.6652,1.66565,1.00,1.40
2009.10.19 03:18:12.363,1.6652,1.6657,2.00,2.20
2009.10.19 03:18:13.643,1.6652,1.66565,1.00,1.40
2009.10.19 03:18:18.872,1.6652,1.66565,1.00,1.40
2009.10.19 03:18:19.172,1.66515,1.66565,1.00,2.20
2009.10.19 03:18:19.342,1.66515,1.66555,1.00,2.20
2009.10.19 03:18:20.331,1.6651,1.66555,1.00,2.20
2009.10.19 03:18:26.130,1.6651,1.66555,1.00,2.20
2009.10.19 03:18:26.240,1.66515,1.66555,1.00,2.20
2009.10.19 03:18:26.470,1.66515,1.66555,1.00,1.00
2009.10.19 03:18:26.580,1.66515,1.66565,1.00,1.40
2009.10.19 03:18:27.620,1.6652,1.66565,1.00,1.40
2009.10.19 03:18:28.770,1.66515,1.66565,1.00,1.40
2009.10.19 03:18:29.579,1.66515,1.6657,2.00,2.20
2009.10.19 03:18:29.909,1.66515,1.66565,1.60,1.40
2009.10.19 03:18:30.239,1.66515,1.6656,1.00,1.40
2009.10.19 03:18:30.529,1.6651,1.6656,2.00,1.40
2009.10.19 03:18:31.789,1.6651,1.66555,1.00,1.40
2009.10.19 03:18:32.709,1.66515,1.6656,1.00,1.40
2009.10.19 03:18:35.658,1.6651,1.6656,2.00,1.40
2009.10.19 03:18:37.328,1.66515,1.6656,1.00,1.40
2009.10.19 03:18:37.557,1.66515,1.6656,1.00,1.40
2009.10.19 03:18:44.745,1.66515,1.66565,1.00,2.20
2009.10.19 03:18:45.975,1.6651,1.66565,2.00,2.20
2009.10.19 03:18:46.895,1.66515,1.66565,1.00,2.20
2009.10.19 03:18:47.005,1.66515,1.6656,1.00,1.40
2009.10.19 03:18:48.225,1.66515,1.66565,1.00,2.20
2009.10.19 03:18:48.765,1.66515,1.6656,1.00,1.40
2009.10.19 03:18:49.105,1.66515,1.6656,1.00,1.40
2009.10.19 03:18:51.354,1.66515,1.6656,1.00,1.40
2009.10.19 03:18:51.464,1.66515,1.6656,1.00,1.40
2009.10.19 03:18:51.914,1.66515,1.66565,2.00,1.40
2009.10.19 03:18:52.144,1.6652,1.6657,1.40,1.00
2009.10.19 03:18:52.424,1.66515,1.66565,2.00,1.40
2009.10.19 03:18:53.693,1.6652,1.66565,1.00,1.40
2009.10.19 03:18:56.213,1.6652,1.66565,1.00,1.40
2009.10.19 03:18:56.963,1.6652,1.6657,1.60,1.00
2009.10.19 03:18:57.133,1.6652,1.6657,1.40,1.00
2009.10.19 03:18:57.303,1.6652,1.66575,1.40,2.40
2009.10.19 03:18:58.282,1.66515,1.66565,1.60,1.40
2009.10.19 03:18:59.322,1.66515,1.6656,1.00,1.40
2009.10.19 03:19:00.412,1.66515,1.66565,1.60,1.40
2009.10.19 03:19:01.512,1.6652,1.66565,1.00,1.40
2009.10.19 03:19:01.681,1.6652,1.6657,1.00,2.20
2009.10.19 03:19:01.851,1.66515,1.6656,1.00,1.40
2009.10.19 03:19:03.271,1.66515,1.6656,1.00,1.40
2009.10.19 03:19:03.611,1.6652,1.66565,1.00,1.40
2009.10.19 03:19:03.771,1.66515,1.66565,1.60,1.40
2009.10.19 03:19:04.051,1.66515,1.6656,1.00,1.40
2009.10.19 03:19:04.271,1.6651,1.6656,1.00,1.40
2009.10.19 03:19:04.381,1.66505,1.6656,1.00,2.20
2009.10.19 03:19:04.731,1.66505,1.66555,1.00,1.00
2009.10.19 03:19:05.081,1.66505,1.6656,1.00,2.20
2009.10.19 03:19:05.431,1.66515,1.66555,1.00,1.00
2009.10.19 03:19:05.721,1.66515,1.66545,1.00,1.40
2009.10.19 03:19:05.960,1.66515,1.66555,1.00,1.00
2009.10.19 03:19:06.250,1.66515,1.66555,1.00,2.20
2009.10.19 03:19:06.710,1.66515,1.66555,1.00,1.00
2009.10.19 03:19:07.001,1.66515,1.66545,1.00,1.40
2009.10.19 03:19:07.240,1.66515,1.6655,1.00,1.40
2009.10.19 03:19:07.510,1.66515,1.66555,1.00,1.00
2009.10.19 03:19:07.860,1.66515,1.66555,1.00,2.20
2009.10.19 03:19:08.210,1.6652,1.6657,1.40,1.40
2009.10.19 03:19:08.560,1.66525,1.6658,1.40,1.40
2009.10.19 03:19:08.910,1.6653,1.6659,1.00,1.40
2009.10.19 03:19:09.260,1.6653,1.666,1.00,1.40
2009.10.19 03:19:11.899,1.6653,1.6659,1.00,1.40
2009.10.19 03:19:12.189,1.6653,1.6659,1.30,1.40
2009.10.19 03:19:12.359,1.6653,1.666,1.00,1.40
2009.10.19 03:19:13.239,1.66535,1.666,1.00,1.40
2009.10.19 03:19:15.168,1.6654,1.666,1.00,1.40
2009.10.19 03:19:16.258,1.66535,1.666,1.40,1.60
2009.10.19 03:19:16.428,1.66535,1.66585,1.40,1.00
2009.10.19 03:19:16.608,1.66525,1.6657,1.00,1.40
2009.10.19 03:19:17.588,1.6652,1.6657,2.00,1.40
2009.10.19 03:19:18.118,1.66525,1.66575,1.40,1.00
2009.10.19 03:19:18.348,1.6652,1.66575,1.00,1.40
2009.10.19 03:19:18.698,1.6652,1.66575,1.00,2.20
2009.10.19 03:19:19.387,1.66515,1.66575,1.00,2.70
2009.10.19 03:19:21.587,1.6651,1.66565,1.60,1.00
2009.10.19 03:19:21.757,1.6652,1.66565,1.00,1.00
2009.10.19 03:19:23.326,1.66525,1.66575,1.00,2.20
2009.10.19 03:19:23.786,1.6651,1.66555,1.00,1.40
2009.10.19 03:19:24.016,1.6651,1.66555,1.00,2.20
2009.10.19 03:19:24.416,1.665,1.6655,1.00,1.40
2009.10.19 03:19:24.716,1.665,1.6655,1.00,2.20
2009.10.19 03:19:26.546,1.66505,1.6655,1.00,2.20
2009.10.19 03:19:27.305,1.66505,1.6655,1.00,2.20
2009.10.19 03:19:27.825,1.66505,1.6655,1.00,1.00
2009.10.19 03:19:28.175,1.66515,1.66555,1.00,2.20
2009.10.19 03:19:28.525,1.66515,1.66565,1.00,1.40
2009.10.19 03:19:28.805,1.6652,1.66565,1.00,1.40
2009.10.19 03:19:29.025,1.66525,1.6657,1.00,1.00
2009.10.19 03:19:29.305,1.66525,1.66575,1.00,1.00
2009.10.19 03:19:29.545,1.66525,1.66575,1.00,1.20
2009.10.19 03:19:29.895,1.66515,1.66575,1.00,1.20
2009.10.19 03:19:30.465,1.66515,1.66575,1.00,1.00
2009.10.19 03:19:31.045,1.6651,1.66575,1.60,1.00
2009.10.19 03:19:31.404,1.6652,1.66575,1.40,1.00
2009.10.19 03:19:31.514,1.6652,1.66575,1.60,1.00
2009.10.19 03:19:31.804,1.6652,1.6659,1.00,2.20
2009.10.19 03:19:32.034,1.66515,1.6659,1.00,1.40
2009.10.19 03:19:32.314,1.66525,1.6659,1.40,1.40
2009.10.19 03:19:32.614,1.66515,1.6658,1.40,1.80
2009.10.19 03:19:32.954,1.66515,1.6658,1.40,1.40
2009.10.19 03:19:33.244,1.6652,1.6658,1.00,1.40
2009.10.19 03:19:34.304,1.66525,1.6658,1.00,1.40
2009.10.19 03:19:35.773,1.6652,1.6658,1.00,1.40
2009.10.19 03:19:37.233,1.66525,1.6658,1.00,1.40
2009.10.19 03:19:41.122,1.6652,1.6658,1.00,1.40
2009.10.19 03:19:42.322,1.66525,1.6658,1.00,1.40
2009.10.19 03:19:44.421,1.66525,1.6658,1.00,1.80
2009.10.19 03:19:44.831,1.6652,1.6658,1.00,1.80
2009.10.19 03:19:45.671,1.66525,1.6658,1.00,1.80
2009.10.19 03:19:46.291,1.6652,1.6658,1.00,1.80
2009.10.19 03:19:47.361,1.66525,1.6658,1.00,1.80
2009.10.19 03:19:47.930,1.66525,1.66585,1.00,1.40
2009.10.19 03:19:48.700,1.66525,1.6657,1.00,1.40
2009.10.19 03:19:48.980,1.66515,1.6656,1.00,1.00
2009.10.19 03:19:50.650,1.66515,1.6657,1.00,2.60
2009.10.19 03:19:51.320,1.6651,1.6657,1.00,2.60
2009.10.19 03:19:52.229,1.66515,1.6657,1.00,2.60
2009.10.19 03:19:54.309,1.66515,1.66565,1.00,1.40
2009.10.19 03:19:58.268,1.66485,1.66545,1.00,1.00
2009.10.19 03:19:58.608,1.6649,1.66545,1.60,1.00
2009.10.19 03:19:58.968,1.6649,1.6654,1.00,1.40
2009.10.19 03:19:59.328,1.6649,1.66535,1.00,1.40
2009.10.19 03:19:59.558,1.66485,1.66535,1.00,1.40
2009.10.19 03:19:59.977,1.66485,1.6654,1.00,1.00
2009.10.19 03:20:00.088,1.66485,1.66535,1.00,1.40
2009.10.19 03:20:00.207,1.6648,1.66535,1.00,1.40
2009.10.19 03:20:00.727,1.66485,1.66535,1.00,1.40
2009.10.19 03:20:01.068,1.66485,1.6654,1.00,1.40
2009.10.19 03:20:01.417,1.66485,1.66545,1.00,1.60
2009.10.19 03:20:01.707,1.66485,1.6654,1.00,1.40
2009.10.19 03:20:01.827,1.6649,1.6654,1.00,1.40
2009.10.19 03:20:01.947,1.6649,1.66545,1.00,1.60
2009.10.19 03:20:02.057,1.66485,1.6654,1.00,1.40
2009.10.19 03:20:02.437,1.66485,1.66545,1.00,1.60
2009.10.19 03:20:02.767,1.66485,1.6654,1.00,1.40
2009.10.19 03:20:03.097,1.66485,1.66545,1.00,1.00
2009.10.19 03:20:03.447,1.6649,1.66555,1.00,2.20
2009.10.19 03:20:03.737,1.66495,1.66565,1.00,1.60
2009.10.19 03:20:04.017,1.66495,1.6656,1.00,1.40
2009.10.19 03:20:04.597,1.6649,1.66545,1.00,1.40
2009.10.19 03:20:04.946,1.6649,1.66545,1.10,1.40
2009.10.19 03:20:05.306,1.66495,1.6656,1.00,1.40
2009.10.19 03:20:05.746,1.66495,1.6657,1.00,1.00
2009.10.19 03:20:05.916,1.66495,1.6657,1.00,2.20
2009.10.19 03:20:06.036,1.66495,1.6657,1.00,1.40
2009.10.19 03:20:07.136,1.66495,1.66555,1.00,2.20
2009.10.19 03:20:08.125,1.66495,1.66555,1.00,1.00
2009.10.19 03:20:08.246,1.66495,1.66555,1.00,1.00
2009.10.19 03:20:08.476,1.6649,1.66555,1.10,1.00
2009.10.19 03:20:08.595,1.6649,1.66555,1.00,1.00
2009.10.19 03:20:16.463,1.66495,1.66555,1.00,1.00
2009.10.19 03:20:17.893,1.665,1.66555,1.40,1.00
2009.10.19 03:20:18.223,1.665,1.66555,1.60,1.00
2009.10.19 03:20:18.333,1.665,1.6656,1.60,2.20
2009.10.19 03:20:18.513,1.665,1.6656,1.60,2.60
2009.10.19 03:20:20.213,1.66505,1.6656,1.00,2.60
2009.10.19 03:20:23.112,1.66505,1.6656,1.40,2.20
2009.10.19 03:20:23.282,1.665,1.66555,2.40,1.40
2009.10.19 03:20:23.442,1.66495,1.6655,1.60,1.40
2009.10.19 03:20:23.612,1.665,1.6655,1.00,1.40
2009.10.19 03:20:23.782,1.665,1.6655,1.00,2.20
2009.10.19 03:20:23.962,1.66495,1.6655,1.60,2.20
2009.10.19 03:20:24.482,1.665,1.6655,1.00,2.20
2009.10.19 03:20:44.687,1.665,1.6655,1.60,1.00
2009.10.19 03:20:46.426,1.66505,1.6655,1.00,1.00
2009.10.19 03:20:58.293,1.665,1.6655,2.40,1.00
2009.10.19 03:20:58.464,1.66495,1.66545,1.60,1.00
2009.10.19 03:20:58.804,1.665,1.66545,1.60,1.00
2009.10.19 03:20:59.163,1.665,1.6655,1.60,1.40
2009.10.19 03:20:59.513,1.66505,1.6656,1.40,2.20
2009.10.19 03:20:59.773,1.665,1.6655,1.60,1.40
2009.10.19 03:21:01.603,1.66505,1.6655,1.00,1.40
2009.10.19 03:21:03.662,1.66505,1.6656,1.60,2.20
2009.10.19 03:21:03.832,1.66505,1.6656,1.40,2.20
2009.10.19 03:21:04.582,1.66505,1.66555,1.60,1.40
2009.10.19 03:21:04.942,1.66505,1.6655,1.00,1.40
2009.10.19 03:21:05.632,1.66495,1.66545,1.00,1.40
2009.10.19 03:21:05.972,1.66495,1.66545,1.10,1.40
2009.10.19 03:21:06.211,1.66495,1.66545,1.10,2.20
2009.10.19 03:21:07.391,1.665,1.66545,1.00,2.20
2009.10.19 03:21:07.731,1.66495,1.66545,1.10,2.20
2009.10.19 03:21:09.021,1.66495,1.66545,2.40,1.00
2009.10.19 03:21:09.231,1.66495,1.6654,1.00,1.40
2009.10.19 03:21:09.291,1.66495,1.6654,1.10,1.40
2009.10.19 03:21:09.351,1.66495,1.6655,1.00,2.20
2009.10.19 03:21:09.411,1.66495,1.66545,1.00,1.00
2009.10.19 03:21:09.701,1.66495,1.6655,1.00,1.40
2009.10.19 03:21:11.230,1.665,1.6655,1.00,1.40
2009.10.19 03:21:11.460,1.665,1.6655,1.00,1.40
2009.10.19 03:21:12.980,1.665,1.66555,1.60,2.20
2009.10.19 03:21:13.160,1.665,1.66555,1.40,1.40
2009.10.19 03:21:14.380,1.665,1.6656,1.40,2.20
2009.10.19 03:21:14.599,1.665,1.6656,1.50,2.20
2009.10.19 03:21:14.709,1.665,1.6656,1.60,1.40
2009.10.19 03:21:16.589,1.6651,1.6656,1.00,1.40
2009.10.19 03:21:17.129,1.6651,1.66565,1.60,1.40
2009.10.19 03:21:17.409,1.6651,1.66565,1.40,1.40
2009.10.19 03:21:18.229,1.66505,1.6656,1.60,1.40
2009.10.19 03:21:18.580,1.6651,1.6656,1.00,1.40
2009.10.19 03:21:18.808,1.665,1.6656,1.00,1.40
2009.10.19 03:21:21.168,1.6651,1.66565,1.40,1.40
2009.10.19 03:21:22.358,1.66505,1.6656,2.50,1.40
2009.10.19 03:21:22.648,1.66505,1.6656,1.60,1.40
2009.10.19 03:21:24.267,1.6651,1.6656,1.00,1.40
2009.10.19 03:21:28.196,1.665,1.66555,1.00,1.40
2009.10.19 03:21:29.116,1.665,1.6655,1.00,1.40
2009.10.19 03:21:29.466,1.66495,1.6655,1.00,1.40
2009.10.19 03:21:29.806,1.6649,1.6655,1.40,1.40
2009.10.19 03:21:30.866,1.66495,1.66555,1.00,1.40
2009.10.19 03:21:30.976,1.66495,1.66555,1.00,1.80
2009.10.19 03:21:32.245,1.665,1.66555,1.00,2.00
2009.10.19 03:21:33.525,1.665,1.66555,1.00,1.80
2009.10.19 03:21:36.314,1.665,1.66555,1.00,2.00
2009.10.19 03:21:43.613,1.665,1.66555,1.00,2.80
2009.10.19 03:21:43.782,1.665,1.66555,1.00,2.40
2009.10.19 03:21:44.132,1.665,1.66555,1.00,2.20
2009.10.19 03:21:44.462,1.66495,1.66545,1.00,1.40
2009.10.19 03:21:44.802,1.665,1.66545,1.00,1.40
2009.10.19 03:21:45.082,1.66495,1.66545,1.00,1.40
2009.10.19 03:21:45.382,1.665,1.66545,1.00,1.40
2009.10.19 03:21:45.662,1.66495,1.66545,1.00,1.40
2009.10.19 03:21:47.282,1.665,1.66545,1.00,1.40
2009.10.19 03:21:47.682,1.66495,1.6654,1.00,1.40
2009.10.19 03:21:47.862,1.66495,1.66545,1.00,1.40
2009.10.19 03:21:48.041,1.665,1.66555,1.00,2.60
2009.10.19 03:21:48.262,1.665,1.66555,1.00,2.20
2009.10.19 03:21:48.791,1.665,1.66555,1.00,2.60
2009.10.19 03:21:50.301,1.66505,1.66555,1.00,2.60
2009.10.19 03:21:52.121,1.665,1.66545,1.00,1.40
2009.10.19 03:21:52.420,1.66495,1.66555,1.60,2.60
2009.10.19 03:21:52.470,1.66495,1.66545,1.00,1.40
2009.10.19 03:21:53.570,1.665,1.66545,1.00,1.40
2009.10.19 03:21:54.550,1.665,1.66555,1.00,2.20
2009.10.19 03:21:54.790,1.665,1.66555,1.00,2.60
2009.10.19 03:21:55.460,1.665,1.66545,1.00,1.40
2009.10.19 03:21:55.790,1.66495,1.66545,1.00,1.40
2009.10.19 03:21:56.010,1.665,1.66545,1.00,1.40
2009.10.19 03:21:56.929,1.66495,1.6655,1.60,1.40
2009.10.19 03:21:57.269,1.665,1.6655,1.00,1.40
2009.10.19 03:21:59.249,1.665,1.6656,1.60,1.40
2009.10.19 03:21:59.939,1.66505,1.6656,1.00,1.40
2009.10.19 03:22:00.298,1.665,1.66545,1.00,1.40
2009.10.19 03:22:00.638,1.665,1.66545,1.00,1.40
2009.10.19 03:22:00.988,1.6649,1.66545,1.10,1.40
2009.10.19 03:22:01.278,1.6649,1.6655,2.50,1.80
2009.10.19 03:22:01.578,1.66495,1.6655,1.00,1.80
2009.10.19 03:22:02.568,1.66495,1.66545,1.00,1.40
2009.10.19 03:22:03.628,1.66495,1.6655,1.00,1.40
2009.10.19 03:22:03.798,1.665,1.66555,1.60,1.00
2009.10.19 03:22:03.978,1.665,1.6656,1.50,1.40
2009.10.19 03:22:04.157,1.665,1.6657,1.60,1.40
2009.10.19 03:22:04.388,1.66505,1.66575,1.00,1.00
2009.10.19 03:22:04.747,1.6651,1.66575,1.00,1.00
2009.10.19 03:22:04.857,1.66515,1.66575,1.40,1.00
2009.10.19 03:22:05.847,1.6652,1.66575,1.40,1.00
2009.10.19 03:22:08.516,1.6651,1.6657,1.60,1.40
2009.10.19 03:22:08.867,1.6651,1.6657,1.60,2.60
2009.10.19 03:22:16.814,1.6651,1.6657,1.60,2.80
2009.10.19 03:22:17.155,1.6651,1.66565,1.60,1.00
2009.10.19 03:22:22.393,1.66515,1.6657,1.00,1.20
2009.10.19 03:22:22.673,1.66515,1.6657,1.00,1.00
2009.10.19 03:22:23.663,1.6651,1.6657,2.50,1.80
2009.10.19 03:22:24.173,1.6651,1.6657,2.50,1.40
2009.10.19 03:22:24.403,1.6651,1.6657,2.50,1.80
2009.10.19 03:22:24.913,1.6651,1.6657,2.50,2.00
2009.10.19 03:22:25.143,1.6651,1.6657,2.50,1.80
2009.10.19 03:22:25.423,1.6651,1.6657,1.60,1.80
2009.10.19 03:22:25.662,1.6651,1.66565,1.60,1.00
2009.10.19 03:22:44.618,1.66515,1.6657,1.40,1.00
2009.10.19 03:22:49.377,1.66515,1.6657,1.40,1.80
2009.10.19 03:22:50.536,1.66515,1.6657,1.40,1.00
2009.10.19 03:22:50.776,1.66515,1.6657,1.40,1.40
2009.10.19 03:22:51.006,1.66515,1.6657,1.40,1.80
2009.10.19 03:22:52.516,1.6651,1.66565,1.40,1.40
2009.10.19 03:22:56.145,1.66515,1.6657,1.40,1.00
2009.10.19 03:22:56.325,1.66515,1.66575,1.40,2.60
2009.10.19 03:22:56.485,1.66515,1.6657,1.40,1.00
2009.10.19 03:22:57.355,1.66515,1.6657,1.60,1.00
2009.10.19 03:22:57.705,1.6651,1.66565,1.60,1.00
2009.10.19 03:22:58.055,1.6651,1.6657,1.60,1.80
2009.10.19 03:22:59.094,1.6651,1.6657,1.60,2.00
2009.10.19 03:23:03.343,1.6651,1.6657,1.60,1.80
2009.10.19 03:23:03.623,1.6651,1.6657,1.60,2.00
2009.10.19 03:23:05.213,1.66515,1.6657,1.40,1.00
2009.10.19 03:23:05.603,1.66515,1.6657,1.40,1.00
2009.10.19 03:23:11.301,1.6651,1.66565,1.60,1.00
2009.10.19 03:23:12.511,1.66515,1.6657,1.40,1.00
2009.10.19 03:23:13.331,1.66515,1.66575,1.60,2.60
2009.10.19 03:23:13.621,1.66515,1.6657,1.40,1.80
2009.10.19 03:23:13.851,1.66505,1.66565,1.00,1.80
2009.10.19 03:23:14.141,1.66505,1.6657,1.60,1.00
2009.10.19 03:23:14.420,1.66505,1.66565,1.00,1.40
2009.10.19 03:23:15.000,1.6651,1.66575,1.00,1.20
2009.10.19 03:23:15.240,1.6651,1.66565,1.00,1.80
2009.10.19 03:23:15.590,1.6651,1.66565,1.00,1.40
2009.10.19 03:23:21.279,1.6651,1.6657,1.00,2.00
2009.10.19 03:23:21.449,1.6651,1.6657,1.60,1.00
2009.10.19 03:23:21.619,1.66515,1.66575,1.00,1.00
2009.10.19 03:23:21.789,1.66515,1.6657,1.00,1.40
2009.10.19 03:23:21.959,1.6651,1.6657,1.00,1.80
2009.10.19 03:23:22.369,1.6651,1.6657,1.60,1.00
2009.10.19 03:23:22.649,1.6651,1.6657,1.00,1.80
2009.10.19 03:23:22.879,1.6651,1.66575,1.40,1.30
2009.10.19 03:23:23.169,1.66505,1.6657,1.60,1.80
2009.10.19 03:23:24.068,1.66505,1.66565,1.00,1.40
2009.10.19 03:23:24.448,1.66505,1.66565,1.00,1.80
2009.10.19 03:23:27.208,1.66495,1.6656,3.30,1.40
2009.10.19 03:23:34.706,1.66495,1.6656,1.60,1.40
2009.10.19 03:23:38.215,1.66495,1.6656,1.60,1.80
2009.10.19 03:23:38.335,1.665,1.6656,1.40,1.00
2009.10.19 03:23:38.515,1.665,1.6657,1.40,1.00
2009.10.19 03:23:39.165,1.665,1.66565,1.40,1.00
2009.10.19 03:23:43.694,1.66505,1.66565,1.40,1.00
2009.10.19 03:23:45.443,1.66505,1.6657,1.40,1.00
2009.10.19 03:23:47.363,1.665,1.66565,1.40,1.40
2009.10.19 03:23:47.483,1.665,1.66565,1.40,1.80
2009.10.19 03:23:48.132,1.66505,1.6657,1.40,1.80
2009.10.19 03:23:48.832,1.6651,1.66575,1.60,1.00
2009.10.19 03:23:49.062,1.6651,1.66565,1.40,1.00
2009.10.19 03:23:49.242,1.66505,1.66565,1.60,1.00
2009.10.19 03:23:52.432,1.66505,1.66565,1.40,1.00
2009.10.19 03:23:53.291,1.66505,1.66565,1.60,1.00
2009.10.19 03:23:54.541,1.6651,1.6657,1.40,2.00
2009.10.19 03:23:54.821,1.6651,1.6657,1.40,1.80
2009.10.19 03:23:55.101,1.665,1.6656,1.00,1.80
2009.10.19 03:23:57.311,1.66495,1.66555,1.40,1.00
2009.10.19 03:24:00.290,1.66495,1.66555,1.60,1.00
2009.10.19 03:24:01.979,1.66495,1.66555,1.40,1.00
2009.10.19 03:24:02.139,1.66495,1.6656,1.40,1.40
2009.10.19 03:24:02.259,1.665,1.6656,1.40,1.40
2009.10.19 03:24:02.599,1.665,1.6656,1.60,1.80
2009.10.19 03:24:02.899,1.66485,1.66555,1.00,1.40
2009.10.19 03:24:03.579,1.66495,1.6656,1.40,1.40
2009.10.19 03:24:03.929,1.66495,1.6656,1.40,1.80
2009.10.19 03:24:05.398,1.66495,1.6656,1.60,1.80
2009.10.19 03:24:05.988,1.66495,1.6656,1.00,1.80
2009.10.19 03:24:06.328,1.66495,1.66555,1.00,1.00
2009.10.19 03:24:06.908,1.66485,1.66555,2.40,1.00
2009.10.19 03:24:07.138,1.66485,1.66555,1.60,1.00
2009.10.19 03:24:08.348,1.6649,1.66555,1.00,1.00
2009.10.19 03:24:21.984,1.6649,1.6655,1.00,1.00
2009.10.19 03:24:36.351,1.6649,1.6655,1.60,1.00
2009.10.19 03:24:36.631,1.6649,1.66555,1.60,1.00
2009.10.19 03:24:36.851,1.66495,1.66555,1.00,1.00
2009.10.19 03:24:38.390,1.665,1.6656,1.00,1.40
2009.10.19 03:24:39.420,1.66495,1.6656,1.00,1.40
2009.10.19 03:24:40.230,1.66505,1.6656,1.00,1.40
2009.10.19 03:24:41.710,1.665,1.6656,1.00,1.40
2009.10.19 03:24:42.070,1.66495,1.6656,1.00,1.40
2009.10.19 03:24:42.429,1.665,1.6656,1.00,1.40
2009.10.19 03:24:43.459,1.66505,1.6656,1.00,1.40
2009.10.19 03:24:47.408,1.66495,1.6656,1.00,1.40
2009.10.19 03:24:47.568,1.66495,1.6656,1.60,1.40
2009.10.19 03:24:48.098,1.665,1.6656,1.00,1.40
2009.10.19 03:24:49.548,1.66505,1.6656,1.00,1.40
2009.10.19 03:24:52.167,1.66505,1.66565,1.00,1.80
2009.10.19 03:24:57.756,1.66505,1.6656,1.00,1.40
2009.10.19 03:25:04.644,1.66505,1.66565,1.00,1.80
2009.10.19 03:25:04.924,1.66505,1.66565,1.00,1.40
2009.10.19 03:25:06.324,1.66515,1.66565,1.00,1.40
2009.10.19 03:25:12.062,1.665,1.66555,1.00,1.40
2009.10.19 03:25:17.511,1.66505,1.66555,1.00,1.40
2009.10.19 03:25:32.217,1.66505,1.6656,1.00,1.40
2009.10.19 03:25:32.507,1.66505,1.6656,1.00,1.80
2009.10.19 03:25:36.336,1.66505,1.6656,1.00,1.00
2009.10.19 03:25:36.686,1.66505,1.66565,1.00,1.00
2009.10.19 03:25:37.066,1.66495,1.6656,1.00,1.40
2009.10.19 03:25:37.306,1.665,1.6656,1.00,1.40
2009.10.19 03:25:40.526,1.66505,1.6656,1.00,1.40
2009.10.19 03:25:40.866,1.665,1.6656,1.00,1.40
2009.10.19 03:25:42.415,1.665,1.6657,1.00,1.00
2009.10.19 03:25:42.655,1.66505,1.66575,1.00,1.80
2009.10.19 03:25:43.245,1.66505,1.6657,1.00,1.00
2009.10.19 03:25:43.815,1.6651,1.6657,1.00,1.80
2009.10.19 03:25:45.254,1.665,1.66565,1.00,1.40
2009.10.19 03:25:45.314,1.665,1.66555,1.00,1.40
2009.10.19 03:25:46.304,1.665,1.66555,1.00,1.40
2009.10.19 03:25:46.644,1.66505,1.66555,1.00,1.40
2009.10.19 03:25:46.994,1.66505,1.66565,1.00,1.40
2009.10.19 03:25:47.224,1.66505,1.66555,1.00,1.40
2009.10.19 03:25:48.194,1.665,1.66555,1.60,1.40
2009.10.19 03:25:48.364,1.66495,1.6655,1.00,1.40
2009.10.19 03:25:49.423,1.665,1.6655,1.00,1.40
2009.10.19 03:25:49.783,1.665,1.66565,1.00,1.40
2009.10.19 03:25:50.173,1.665,1.6655,1.00,1.40
2009.10.19 03:25:50.503,1.665,1.66565,1.00,1.40
2009.10.19 03:25:50.673,1.665,1.6655,1.00,1.40
2009.10.19 03:25:51.203,1.665,1.66565,1.00,1.40
2009.10.19 03:25:51.323,1.66495,1.6655,1.00,1.40
2009.10.19 03:25:52.063,1.66505,1.66565,1.00,1.40
2009.10.19 03:25:52.603,1.66505,1.66565,1.00,1.80
2009.10.19 03:25:53.062,1.665,1.66565,1.00,1.80
2009.10.19 03:25:53.522,1.665,1.66565,1.60,1.80
2009.10.19 03:25:53.762,1.665,1.66565,1.60,1.40
2009.10.19 03:25:54.003,1.665,1.66565,1.60,1.80
2009.10.19 03:25:54.562,1.66505,1.66565,1.00,1.80
2009.10.19 03:25:56.032,1.665,1.66565,1.60,1.80
2009.10.19 03:25:57.001,1.665,1.66555,1.00,1.40
2009.10.19 03:25:57.282,1.665,1.66545,1.00,1.40
2009.10.19 03:25:58.241,1.66495,1.66545,1.60,1.40
2009.10.19 03:26:06.019,1.66495,1.66545,1.60,1.40
2009.10.19 03:26:09.009,1.66495,1.6656,1.60,1.40
2009.10.19 03:26:09.179,1.66495,1.66545,1.60,1.40
2009.10.19 03:26:09.468,1.66495,1.6656,1.60,1.40
2009.10.19 03:26:09.648,1.66495,1.66545,1.60,1.40
2009.10.19 03:26:10.048,1.66495,1.6656,1.60,1.80
2009.10.19 03:26:10.218,1.66495,1.66545,1.60,1.40
2009.10.19 03:26:10.378,1.665,1.66545,1.00,1.40
2009.10.19 03:26:10.498,1.665,1.6656,1.00,1.80
2009.10.19 03:26:10.898,1.66495,1.66545,1.60,1.40
2009.10.19 03:26:11.248,1.66495,1.6656,1.60,2.00
2009.10.19 03:26:11.598,1.66495,1.66545,1.60,1.40
2009.10.19 03:26:11.778,1.66495,1.6656,1.60,2.00
2009.10.19 03:26:12.008,1.66495,1.66545,1.60,1.40
2009.10.19 03:26:12.238,1.665,1.66545,1.00,1.40
2009.10.19 03:26:12.868,1.66495,1.6656,1.60,2.00
2009.10.19 03:26:13.158,1.66495,1.66545,1.60,1.40
2009.10.19 03:26:13.398,1.665,1.6656,1.00,1.40
2009.10.19 03:26:13.617,1.66495,1.66545,1.60,1.40
2009.10.19 03:26:15.927,1.66495,1.6656,1.60,1.80
2009.10.19 03:26:16.277,1.66495,1.66545,1.60,1.40
2009.10.19 03:26:16.577,1.665,1.6656,1.40,1.40
2009.10.19 03:26:16.927,1.66505,1.6657,1.00,1.80
2009.10.19 03:26:17.606,1.6651,1.6656,1.00,1.40
2009.10.19 03:26:17.886,1.6651,1.66565,1.40,1.40
2009.10.19 03:26:18.176,1.6651,1.6656,1.00,1.40
2009.10.19 03:26:18.446,1.6651,1.66565,1.60,1.40
2009.10.19 03:26:18.986,1.66515,1.6657,1.40,1.80
2009.10.19 03:26:19.216,1.6651,1.66565,1.60,1.40
2009.10.19 03:26:19.666,1.66515,1.6657,1.40,1.80
2009.10.19 03:26:19.836,1.6651,1.66565,1.60,1.40
2009.10.19 03:26:20.366,1.66515,1.6657,1.40,1.80
2009.10.19 03:26:20.486,1.6651,1.66565,1.60,1.40
2009.10.19 03:26:22.386,1.66515,1.6657,1.40,1.80
2009.10.19 03:26:22.616,1.66505,1.6657,1.70,1.40
2009.10.19 03:26:22.795,1.66505,1.6656,1.70,1.40
2009.10.19 03:26:23.005,1.66505,1.66555,1.70,1.40
2009.10.19 03:26:23.236,1.665,1.66555,1.70,1.40
2009.10.19 03:26:23.465,1.665,1.66555,1.70,2.20
2009.10.19 03:26:23.945,1.665,1.6655,1.90,1.40
2009.10.19 03:26:24.485,1.665,1.6655,1.70,1.40
2009.10.19 03:26:24.845,1.665,1.66545,1.70,1.40
2009.10.19 03:26:25.175,1.66495,1.66545,1.90,1.40
2009.10.19 03:26:25.455,1.66495,1.6655,1.90,1.40
2009.10.19 03:26:26.254,1.665,1.6655,1.00,1.40
2009.10.19 03:26:27.644,1.665,1.66555,1.00,1.40
2009.10.19 03:26:28.304,1.665,1.66555,1.90,1.40
2009.10.19 03:26:33.463,1.665,1.6654,1.90,1.00
2009.10.19 03:26:33.633,1.665,1.6654,1.70,1.00
2009.10.19 03:26:33.803,1.665,1.6654,1.70,2.20
2009.10.19 03:26:33.973,1.665,1.66535,1.70,1.40
2009.10.19 03:26:34.133,1.665,1.6654,1.70,1.20
2009.10.19 03:26:34.482,1.66495,1.66545,1.90,1.40
2009.10.19 03:26:36.352,1.665,1.66545,1.00,1.40
2009.10.19 03:26:38.662,1.665,1.6655,1.00,1.40
2009.10.19 03:26:38.931,1.665,1.6656,1.00,1.20
2009.10.19 03:26:39.102,1.665,1.6656,1.00,1.00
2009.10.19 03:26:39.391,1.66505,1.6656,1.00,1.00
2009.10.19 03:26:39.741,1.66505,1.6656,1.00,1.00
2009.10.19 03:26:40.131,1.665,1.66565,1.00,1.80
2009.10.19 03:26:40.481,1.665,1.6656,1.00,1.00
2009.10.19 03:26:40.821,1.66495,1.66555,1.90,1.40
2009.10.19 03:26:41.171,1.665,1.66555,1.00,1.40
2009.10.19 03:26:42.320,1.66505,1.66555,1.00,1.40
2009.10.19 03:26:42.910,1.66495,1.66555,1.90,1.40
2009.10.19 03:26:43.140,1.665,1.66555,1.00,1.40
2009.10.19 03:26:43.660,1.665,1.66555,1.00,1.80
2009.10.19 03:26:44.500,1.66505,1.66555,1.00,1.80
2009.10.19 03:26:45.140,1.665,1.6655,1.70,1.40
2009.10.19 03:26:45.260,1.6649,1.66555,1.60,1.00
2009.10.19 03:26:45.370,1.6649,1.66555,1.00,1.00
2009.10.19 03:26:45.480,1.6649,1.66555,1.60,1.20
2009.10.19 03:26:45.540,1.6649,1.66555,1.60,1.00
2009.10.19 03:26:45.590,1.6649,1.6656,1.60,2.60
2009.10.19 03:26:45.710,1.66495,1.6656,1.00,2.60
2009.10.19 03:26:45.770,1.66495,1.6656,1.00,1.80
2009.10.19 03:26:45.820,1.66495,1.6655,1.00,1.40
2009.10.19 03:26:46.500,1.665,1.6655,1.00,1.40
2009.10.19 03:26:48.449,1.66505,1.6655,1.00,1.40
2009.10.19 03:26:49.179,1.665,1.6655,1.00,1.40
2009.10.19 03:26:50.619,1.665,1.66555,1.00,1.80
2009.10.19 03:27:01.126,1.665,1.66555,1.00,1.00
2009.10.19 03:27:01.416,1.665,1.6656,1.00,2.60
2009.10.19 03:27:01.856,1.665,1.66555,1.00,1.00
2009.10.19 03:27:05.355,1.66505,1.66555,1.00,1.00
2009.10.19 03:27:10.914,1.665,1.66555,1.00,1.00
2009.10.19 03:27:12.383,1.66505,1.66555,1.00,1.00
2009.10.19 03:27:20.261,1.66495,1.6655,1.00,1.80
2009.10.19 03:27:22.231,1.66495,1.6655,1.00,2.00
2009.10.19 03:27:58.262,1.66495,1.6655,1.00,1.80
2009.10.19 03:28:00.262,1.66495,1.6655,1.00,2.00
2009.10.19 03:28:01.182,1.66495,1.6655,1.00,1.60
2009.10.19 03:28:14.758,1.66495,1.6655,1.00,1.40
2009.10.19 03:28:16.338,1.665,1.6655,1.00,1.40
2009.10.19 03:28:20.277,1.66495,1.6655,1.00,1.60
2009.10.19 03:28:37.213,1.665,1.6655,1.00,1.40
2009.10.19 03:28:37.383,1.665,1.6655,1.00,1.40
2009.10.19 03:28:37.953,1.665,1.66555,1.00,1.40
2009.10.19 03:28:39.162,1.6651,1.66555,1.00,1.40
2009.10.19 03:28:48.660,1.66495,1.6654,1.90,1.40
2009.10.19 03:28:48.940,1.66495,1.66545,1.90,2.20
2009.10.19 03:28:49.110,1.66495,1.6654,1.00,1.00
2009.10.19 03:28:49.470,1.66495,1.6654,1.60,1.00
2009.10.19 03:28:49.590,1.665,1.6654,1.00,1.00
2009.10.19 03:28:49.930,1.6651,1.66555,2.30,1.00
2009.10.19 03:28:50.320,1.6651,1.6656,1.90,1.40
2009.10.19 03:28:51.699,1.6651,1.6656,1.00,1.40
2009.10.19 03:28:55.389,1.66505,1.6656,1.00,1.40
2009.10.19 03:28:58.278,1.6651,1.6656,1.00,1.40
2009.10.19 03:29:03.537,1.66505,1.6656,1.00,1.40
2009.10.19 03:29:06.576,1.66505,1.66565,1.00,1.40
2009.10.19 03:29:11.585,1.66505,1.66565,1.40,1.40
2009.10.19 03:29:12.455,1.665,1.66565,1.60,1.40
2009.10.19 03:29:14.314,1.66505,1.66565,1.00,1.40
2009.10.19 03:29:26.761,1.665,1.6656,1.00,1.40
2009.10.19 03:29:26.991,1.66495,1.6656,1.60,1.40
2009.10.19 03:29:29.470,1.66505,1.6656,1.00,1.60
2009.10.19 03:29:30.440,1.665,1.6656,1.00,1.60
2009.10.19 03:29:32.879,1.66495,1.6656,1.60,1.40
2009.10.19 03:29:33.340,1.665,1.6656,1.00,1.40
2009.10.19 03:29:37.988,1.66505,1.6656,1.00,1.40
2009.10.19 03:29:38.048,1.66505,1.66565,1.00,1.40
2009.10.19 03:29:46.267,1.665,1.66565,1.60,1.40
2009.10.19 03:29:46.566,1.665,1.66565,1.00,1.40
2009.10.19 03:29:46.856,1.66505,1.66565,1.00,1.40
2009.10.19 03:29:47.146,1.66495,1.66555,1.60,1.40
2009.10.19 03:29:47.596,1.66495,1.6655,1.00,1.40
2009.10.19 03:29:47.766,1.66495,1.66565,1.00,1.40
2009.10.19 03:29:49.285,1.66505,1.66565,1.00,1.40
2009.10.19 03:30:01.243,1.665,1.66565,1.00,1.40
2009.10.19 03:30:01.483,1.66495,1.66555,1.60,1.40
2009.10.19 03:30:02.332,1.665,1.66555,1.00,1.40
2009.10.19 03:30:03.712,1.66495,1.66565,1.00,2.80
2009.10.19 03:30:03.942,1.66495,1.66565,1.60,1.40
2009.10.19 03:30:04.112,1.665,1.66555,1.00,1.40
2009.10.19 03:30:04.342,1.665,1.6655,1.00,1.40
2009.10.19 03:30:04.522,1.665,1.66565,1.00,3.40
2009.10.19 03:30:04.702,1.665,1.66565,1.00,2.20
2009.10.19 03:30:05.052,1.665,1.66565,1.00,1.40
2009.10.19 03:30:06.301,1.66505,1.66565,1.00,1.40
2009.10.19 03:30:09.461,1.66505,1.6657,1.00,1.00
2009.10.19 03:30:09.581,1.66505,1.6657,1.00,1.00
2009.10.19 03:30:10.840,1.66505,1.6656,1.00,1.40
2009.10.19 03:30:11.161,1.665,1.6656,1.00,1.40
2009.10.19 03:30:11.840,1.66495,1.6656,4.10,1.40
2009.10.19 03:30:13.310,1.66495,1.6656,4.50,1.40
2009.10.19 03:30:13.480,1.665,1.6656,2.50,1.40
2009.10.19 03:30:14.280,1.665,1.6656,2.70,1.40
2009.10.19 03:30:14.959,1.665,1.6656,1.00,1.40
2009.10.19 03:30:15.299,1.665,1.6656,1.60,1.40
2009.10.19 03:30:15.359,1.665,1.6656,4.10,1.40
2009.10.19 03:30:43.233,1.665,1.6656,1.60,1.40
2009.10.19 03:31:02.668,1.665,1.6656,1.60,3.10
2009.10.19 03:31:02.728,1.665,1.6655,1.00,1.40
2009.10.19 03:31:03.028,1.665,1.66555,1.60,2.20
2009.10.19 03:31:03.428,1.665,1.66545,1.00,1.40
2009.10.19 03:31:03.658,1.6649,1.66545,4.80,1.40
2009.10.19 03:31:04.128,1.66495,1.66545,2.50,1.40
2009.10.19 03:31:21.223,1.66495,1.6654,2.50,1.40
2009.10.19 03:31:21.573,1.66495,1.6655,4.00,2.20
2009.10.19 03:31:21.853,1.66495,1.6654,2.50,1.40
2009.10.19 03:31:23.013,1.66495,1.6655,4.00,2.20
2009.10.19 03:31:23.123,1.66495,1.6655,4.00,1.40
2009.10.19 03:31:23.183,1.66495,1.6654,2.50,1.40
2009.10.19 03:31:24.813,1.66495,1.66545,2.50,1.40
2009.10.19 03:31:25.623,1.66495,1.6654,2.50,1.40
2009.10.19 03:31:25.792,1.6649,1.66535,2.50,1.40
2009.10.19 03:31:26.133,1.6649,1.6654,1.00,1.40
2009.10.19 03:31:27.162,1.66485,1.6654,2.00,1.40
2009.10.19 03:31:27.502,1.6649,1.6655,1.60,1.40
2009.10.19 03:31:28.462,1.66495,1.6655,1.00,1.40
2009.10.19 03:31:28.692,1.6649,1.6655,1.60,1.40
2009.10.19 03:31:30.321,1.66495,1.6655,1.00,1.40
2009.10.19 03:31:31.651,1.66495,1.6655,1.60,1.40
2009.10.19 03:31:32.241,1.66495,1.6655,1.00,1.40
2009.10.19 03:31:37.230,1.6649,1.6655,1.60,1.40
2009.10.19 03:31:38.289,1.66495,1.6655,1.00,1.40
2009.10.19 03:31:48.027,1.6649,1.6655,1.60,1.40
2009.10.19 03:31:49.297,1.66495,1.6655,1.00,1.40
2009.10.19 03:31:55.045,1.6649,1.6655,1.00,1.60
2009.10.19 03:31:55.345,1.6649,1.6655,1.00,1.40
2009.10.19 03:31:55.525,1.6649,1.66545,2.70,1.40
2009.10.19 03:31:55.795,1.6649,1.6654,2.70,1.40
2009.10.19 03:31:56.435,1.6649,1.6655,2.70,1.40
2009.10.19 03:31:57.125,1.6649,1.6655,1.00,1.40
2009.10.19 03:31:57.475,1.6649,1.6655,1.00,1.60
2009.10.19 03:31:58.124,1.66495,1.6655,1.00,1.50
2009.10.19 03:31:58.304,1.66495,1.6655,1.00,1.60
2009.10.19 03:32:01.544,1.6649,1.66545,2.70,1.40
2009.10.19 03:32:01.764,1.66495,1.66555,1.00,2.40
2009.10.19 03:32:02.063,1.66495,1.66555,2.50,2.40
2009.10.19 03:32:02.424,1.66495,1.66555,2.50,1.60
2009.10.19 03:32:03.343,1.66495,1.6655,1.00,1.00
2009.10.19 03:32:04.493,1.66495,1.66555,1.60,1.60
2009.10.19 03:32:04.663,1.66495,1.66555,1.60,2.40
2009.10.19 03:32:04.833,1.66495,1.66555,1.60,1.60
2009.10.19 03:32:06.233,1.665,1.66555,1.00,1.60
2009.10.19 03:32:08.162,1.66495,1.66555,1.60,1.40
2009.10.19 03:32:08.342,1.66495,1.66555,1.00,1.40
2009.10.19 03:32:08.512,1.66495,1.6655,1.00,1.40
2009.10.19 03:32:10.512,1.665,1.6655,1.00,1.40
2009.10.19 03:32:20.209,1.665,1.66555,1.00,1.40
2009.10.19 03:32:20.369,1.665,1.6655,1.00,1.40
2009.10.19 03:32:20.549,1.66495,1.66555,1.40,1.40
2009.10.19 03:32:22.309,1.665,1.66555,1.00,1.60
2009.10.19 03:32:23.779,1.66495,1.66555,1.40,1.40
2009.10.19 03:32:24.009,1.6649,1.6655,4.50,1.40
2009.10.19 03:32:24.239,1.6649,1.6655,2.00,1.40
2009.10.19 03:32:24.418,1.6649,1.6655,1.60,1.40
2009.10.19 03:32:24.718,1.6649,1.6654,1.00,1.40
2009.10.19 03:32:25.058,1.6649,1.6654,1.00,1.40
2009.10.19 03:32:27.378,1.6649,1.66545,4.50,1.40
2009.10.19 03:32:28.507,1.66495,1.66545,1.00,1.40
2009.10.19 03:32:44.723,1.66495,1.6654,1.00,1.40
2009.10.19 03:32:44.833,1.6649,1.6654,3.10,1.40
2009.10.19 03:32:44.953,1.6649,1.6654,1.00,1.40
2009.10.19 03:32:52.571,1.66495,1.6654,1.00,1.40
2009.10.19 03:33:03.599,1.66495,1.66535,1.00,1.40
2009.10.19 03:33:03.709,1.6649,1.66535,1.00,1.40
2009.10.19 03:33:10.247,1.66495,1.66545,1.00,1.40
2009.10.19 03:33:11.227,1.6649,1.66545,4.10,1.40
2009.10.19 03:33:18.995,1.66495,1.6655,4.10,1.40
2009.10.19 03:33:19.275,1.66495,1.66545,2.50,1.40
2009.10.19 03:33:19.455,1.6649,1.66545,4.10,1.40
2009.10.19 03:33:19.805,1.6649,1.66545,4.50,1.40
2009.10.19 03:34:02.685,1.6649,1.66545,2.00,1.40
2009.10.19 03:34:03.874,1.665,1.66555,1.40,1.70
2009.10.19 03:34:04.054,1.665,1.66565,1.40,2.40
2009.10.19 03:34:04.234,1.665,1.66565,1.40,2.20
2009.10.19 03:34:04.454,1.66495,1.6656,1.60,1.40
2009.10.19 03:34:05.154,1.66495,1.6656,2.00,1.40
2009.10.19 03:34:05.454,1.66505,1.6656,1.00,1.40
2009.10.19 03:34:06.314,1.665,1.6656,1.00,1.60
2009.10.19 03:34:07.023,1.66505,1.66555,1.60,1.40
2009.10.19 03:34:07.373,1.66505,1.66555,1.40,1.40
2009.10.19 03:34:08.063,1.66505,1.66555,1.60,1.40
2009.10.19 03:34:08.183,1.66505,1.66565,1.00,1.40
2009.10.19 03:34:10.473,1.66505,1.66565,1.00,1.40
2009.10.19 03:34:12.352,1.66495,1.66545,2.70,1.40
2009.10.19 03:34:12.472,1.665,1.66555,1.40,1.00
2009.10.19 03:34:12.642,1.665,1.66555,1.60,1.00
2009.10.19 03:34:12.812,1.665,1.66565,1.60,1.40
2009.10.19 03:34:12.982,1.66505,1.66565,1.00,1.40
2009.10.19 03:34:14.692,1.66505,1.66565,1.00,1.40
2009.10.19 03:34:18.151,1.66495,1.66545,2.60,1.40
2009.10.19 03:34:18.381,1.66495,1.66545,2.70,1.40
2009.10.19 03:34:19.281,1.66495,1.66545,2.50,1.40
2009.10.19 03:34:19.810,1.66505,1.66565,1.00,1.40
2009.10.19 03:34:20.820,1.665,1.66565,1.60,1.40
2009.10.19 03:34:21.280,1.66505,1.66565,1.00,1.40
2009.10.19 03:34:22.630,1.66505,1.66565,1.00,2.20
2009.10.19 03:34:22.800,1.66495,1.66545,3.10,1.40
2009.10.19 03:34:22.920,1.66495,1.66545,2.70,1.40
2009.10.19 03:34:26.319,1.66495,1.66545,2.50,1.40
2009.10.19 03:34:27.019,1.665,1.66565,1.60,2.20
2009.10.19 03:34:27.369,1.665,1.66565,1.60,1.40
2009.10.19 03:34:28.248,1.66505,1.66565,1.00,1.40
2009.10.19 03:34:29.878,1.66505,1.66565,1.60,1.40
2009.10.19 03:34:41.525,1.66505,1.66555,1.00,1.40
2009.10.19 03:34:41.695,1.665,1.66555,1.60,1.40
2009.10.19 03:34:41.815,1.665,1.66555,2.00,1.40
2009.10.19 03:34:47.824,1.6651,1.66565,1.40,2.40
2009.10.19 03:34:48.004,1.6652,1.6657,1.40,2.40
2009.10.19 03:34:48.184,1.6651,1.66565,1.80,1.40
2009.10.19 03:34:49.043,1.6651,1.66565,1.40,1.40
2009.10.19 03:34:49.543,1.6651,1.66565,1.60,1.40
2009.10.19 03:34:49.873,1.6651,1.66565,1.40,1.40
2009.10.19 03:34:51.373,1.6651,1.66565,1.40,1.60
2009.10.19 03:34:52.243,1.6651,1.66565,1.40,1.40
2009.10.19 03:34:56.172,1.66515,1.66565,1.00,1.40
2009.10.19 03:34:56.352,1.66515,1.66565,1.00,1.40
2009.10.19 03:34:57.281,1.6651,1.66565,1.60,1.40
2009.10.19 03:34:59.831,1.6651,1.66565,2.00,1.40
2009.10.19 03:35:05.659,1.66515,1.66565,2.50,1.40
2009.10.19 03:35:46.230,1.66505,1.66565,1.60,1.40
2009.10.19 03:35:57.217,1.66505,1.66555,1.00,1.40
2009.10.19 03:35:57.577,1.665,1.66555,1.60,1.40
2009.10.19 03:35:59.086,1.66505,1.66565,1.40,1.80
2009.10.19 03:35:59.267,1.66505,1.66565,1.40,1.40
2009.10.19 03:35:59.846,1.66505,1.66565,1.60,1.40
2009.10.19 03:36:06.225,1.66505,1.66565,1.60,1.60
2009.10.19 03:36:09.694,1.66505,1.66565,1.60,1.40
2009.10.19 03:36:15.224,1.66505,1.6657,1.60,1.80
2009.10.19 03:36:15.342,1.66505,1.6657,1.60,1.40
2009.10.19 03:36:15.513,1.66505,1.66555,1.60,1.40
2009.10.19 03:36:15.873,1.665,1.6657,2.50,2.40
2009.10.19 03:36:16.212,1.665,1.66555,1.00,1.40
2009.10.19 03:36:16.562,1.665,1.66555,1.00,1.40
2009.10.19 03:36:17.092,1.665,1.6657,1.00,2.40
2009.10.19 03:36:17.382,1.66505,1.6657,1.00,2.20
2009.10.19 03:36:18.092,1.66505,1.6657,1.00,1.80
2009.10.19 03:36:18.272,1.66505,1.6656,1.80,1.40
2009.10.19 03:36:19.361,1.66505,1.6656,2.00,1.40
2009.10.19 03:36:20.221,1.6651,1.6656,1.00,1.40
2009.10.19 03:36:20.451,1.6651,1.6656,1.00,1.40
2009.10.19 03:36:24.830,1.6651,1.6657,1.40,1.00
2009.10.19 03:36:24.940,1.66505,1.66555,1.60,1.40
2009.10.19 03:36:25.120,1.66505,1.66565,1.60,1.00
2009.10.19 03:36:25.410,1.66505,1.66555,1.60,1.40
2009.10.19 03:36:25.680,1.66505,1.66565,1.60,1.00
2009.10.19 03:36:26.010,1.66505,1.66555,1.60,1.40
2009.10.19 03:36:29.389,1.66505,1.66555,1.50,1.40
2009.10.19 03:36:29.679,1.66505,1.66555,1.60,1.40
2009.10.19 03:36:30.209,1.6651,1.6656,1.40,1.40
2009.10.19 03:36:30.539,1.66505,1.6655,2.50,1.60
2009.10.19 03:36:30.719,1.66505,1.66545,2.50,1.40
2009.10.19 03:36:30.889,1.66505,1.66555,2.50,1.00
2009.10.19 03:36:31.059,1.66495,1.6656,4.10,1.60
2009.10.19 03:36:31.799,1.665,1.6656,1.00,1.40
2009.10.19 03:36:33.068,1.6651,1.6656,1.00,1.40
2009.10.19 03:36:33.178,1.6651,1.66565,1.60,1.20
2009.10.19 03:36:33.288,1.6651,1.66565,1.60,1.00
2009.10.19 03:36:33.458,1.6651,1.66565,1.00,1.00
2009.10.19 03:36:33.518,1.66505,1.6657,1.60,1.40
2009.10.19 03:36:34.498,1.6651,1.6657,1.00,1.40
2009.10.19 03:36:35.488,1.665,1.6657,4.10,1.40
2009.10.19 03:36:35.888,1.66505,1.6657,1.00,1.00
2009.10.19 03:36:36.238,1.6651,1.66575,1.00,1.40
2009.10.19 03:36:39.417,1.66515,1.66575,1.00,1.60
2009.10.19 03:36:40.247,1.6651,1.66575,1.00,1.60
2009.10.19 03:36:40.487,1.6651,1.66575,1.00,1.40
2009.10.19 03:36:42.286,1.66515,1.66575,1.00,1.60
2009.10.19 03:36:43.156,1.6651,1.66575,1.00,1.60
2009.10.19 03:37:05.801,1.6651,1.6657,1.60,1.40
2009.10.19 03:37:06.030,1.6651,1.66575,4.00,1.40
2009.10.19 03:37:07.590,1.6651,1.66575,4.10,1.40
2009.10.19 03:37:10.169,1.66525,1.6658,1.40,1.60
2009.10.19 03:37:10.529,1.66515,1.6657,1.40,1.40
2009.10.19 03:37:10.819,1.66525,1.6658,1.40,2.20
2009.10.19 03:37:10.989,1.66515,1.6657,4.00,1.40
2009.10.19 03:37:11.229,1.66515,1.6657,4.10,1.40
2009.10.19 03:37:15.538,1.6652,1.6657,1.40,1.40
2009.10.19 03:37:16.128,1.6652,1.6657,1.60,1.40
2009.10.19 03:37:16.578,1.6652,1.6657,1.40,1.40
2009.10.19 03:37:17.568,1.66515,1.6657,4.10,1.40
2009.10.19 03:37:17.918,1.6652,1.6657,1.40,1.40
2009.10.19 03:37:19.987,1.6652,1.6657,1.60,1.40
2009.10.19 03:37:20.507,1.6652,1.66565,1.00,1.40
2009.10.19 03:37:20.677,1.6651,1.66565,1.60,1.40
2009.10.19 03:37:21.397,1.66515,1.6657,1.40,1.60
2009.10.19 03:37:21.567,1.66505,1.6656,4.10,1.40
2009.10.19 03:37:21.747,1.665,1.6656,4.50,1.00
2009.10.19 03:37:21.857,1.665,1.6656,4.90,1.00
2009.10.19 03:37:22.217,1.66505,1.66575,1.00,1.00
2009.10.19 03:37:22.567,1.6651,1.6657,1.40,1.40
2009.10.19 03:37:24.316,1.6651,1.6657,1.60,1.40
2009.10.19 03:37:25.196,1.66515,1.6657,1.00,1.40
2009.10.19 03:37:31.114,1.66515,1.6657,2.70,1.40
2009.10.19 03:37:31.294,1.66515,1.6657,2.50,1.40
2009.10.19 03:37:33.334,1.66515,1.6657,2.70,1.40
2009.10.19 03:37:35.913,1.66515,1.6658,4.10,1.60
2009.10.19 03:37:36.033,1.66515,1.6657,2.70,1.40
2009.10.19 03:37:36.943,1.66515,1.6658,4.10,1.40
2009.10.19 03:37:37.683,1.66515,1.6658,1.60,1.40
2009.10.19 03:37:38.263,1.6652,1.6658,1.00,1.40
2009.10.19 03:37:43.142,1.66515,1.6658,1.00,1.40
2009.10.19 03:37:43.861,1.6652,1.6658,1.00,1.40
2009.10.19 03:37:45.301,1.66515,1.66575,4.00,1.40
2009.10.19 03:37:45.481,1.6652,1.66575,1.40,2.20
2009.10.19 03:37:45.711,1.6652,1.66575,1.40,1.40
2009.10.19 03:37:46.351,1.6652,1.66575,1.40,2.20
2009.10.19 03:37:47.221,1.6652,1.66575,1.60,2.20
2009.10.19 03:37:48.940,1.66525,1.66575,1.40,1.00
2009.10.19 03:37:49.220,1.6652,1.66575,1.40,2.20
2009.10.19 03:37:49.390,1.6653,1.66585,1.40,3.40
2009.10.19 03:37:49.500,1.6653,1.66585,1.40,3.00
2009.10.19 03:37:49.860,1.6653,1.66585,1.40,1.40
2009.10.19 03:37:50.250,1.66515,1.6658,2.70,1.40
2009.10.19 03:37:50.600,1.6652,1.66585,1.40,1.40
2009.10.19 03:37:50.890,1.6652,1.66575,1.40,1.40
2009.10.19 03:37:51.240,1.66515,1.66575,1.60,1.40
2009.10.19 03:37:52.529,1.6652,1.66575,1.00,1.40
2009.10.19 03:37:53.209,1.66525,1.66575,1.00,1.40
2009.10.19 03:37:53.329,1.66525,1.66575,1.00,1.40
2009.10.19 03:37:54.159,1.66525,1.6658,1.00,1.40
2009.10.19 03:37:54.459,1.66525,1.66585,1.00,2.20
2009.10.19 03:37:54.639,1.66515,1.6657,1.60,1.40
2009.10.19 03:37:55.089,1.66515,1.66585,1.60,2.20
2009.10.19 03:37:55.269,1.66515,1.66585,1.60,1.40
2009.10.19 03:37:55.608,1.6652,1.66585,1.40,1.40
2009.10.19 03:37:56.309,1.66515,1.6657,1.60,1.40
2009.10.19 03:37:56.548,1.6652,1.66585,1.60,2.20
2009.10.19 03:37:56.828,1.6652,1.66585,1.60,1.40
2009.10.19 03:37:57.348,1.6652,1.6658,1.00,1.40
2009.10.19 03:37:57.528,1.66515,1.6658,1.60,1.40
2009.10.19 03:37:58.498,1.6652,1.6658,1.00,1.40
2009.10.19 03:38:07.725,1.6652,1.6658,2.70,1.40
2009.10.19 03:38:08.085,1.6652,1.6659,4.10,1.00
2009.10.19 03:38:08.445,1.6652,1.6658,2.50,1.40
2009.10.19 03:38:09.425,1.6652,1.6658,2.70,1.40
2009.10.19 03:38:17.523,1.6652,1.66585,4.10,1.00
2009.10.19 03:38:17.763,1.6652,1.66595,4.10,4.10
2009.10.19 03:38:17.983,1.6652,1.66595,4.10,4.50
2009.10.19 03:38:18.553,1.6652,1.6659,4.00,1.00
2009.10.19 03:38:18.723,1.6652,1.6658,2.50,1.40
2009.10.19 03:38:19.952,1.6653,1.6658,2.50,1.40
2009.10.19 03:38:21.232,1.6653,1.6659,2.50,1.20
2009.10.19 03:38:21.462,1.6652,1.6658,2.50,1.40
2009.10.19 03:38:21.872,1.6652,1.6659,4.00,1.00
2009.10.19 03:38:22.042,1.6652,1.6658,2.50,1.40
2009.10.19 03:38:22.442,1.6652,1.6659,4.00,1.00
2009.10.19 03:38:22.612,1.66515,1.6658,4.10,1.40
2009.10.19 03:38:23.242,1.66515,1.6658,1.60,1.40
2009.10.19 03:38:23.602,1.66515,1.6658,2.40,1.40
2009.10.19 03:38:23.662,1.6652,1.6659,1.40,1.30
2009.10.19 03:38:23.722,1.6652,1.6659,1.60,1.20
2009.10.19 03:38:23.832,1.6652,1.6659,1.60,1.00
2009.10.19 03:38:24.002,1.6652,1.6658,1.00,1.40
2009.10.19 03:38:24.062,1.66515,1.6658,2.30,1.40
2009.10.19 03:38:24.242,1.66515,1.6658,2.40,1.40
2009.10.19 03:38:24.302,1.66515,1.6658,1.60,1.40
2009.10.19 03:38:25.461,1.6652,1.6658,1.00,1.40
2009.10.19 03:38:35.919,1.6652,1.6659,1.60,1.20
2009.10.19 03:38:36.149,1.6652,1.6658,1.00,1.40
2009.10.19 03:38:36.428,1.66515,1.6658,2.40,1.40
2009.10.19 03:38:36.549,1.6652,1.6659,1.40,1.30
2009.10.19 03:38:36.599,1.6652,1.6659,1.40,1.00
2009.10.19 03:38:36.659,1.66515,1.6658,2.40,1.40
2009.10.19 03:38:36.839,1.66515,1.6658,1.60,1.40
2009.10.19 03:38:37.138,1.6652,1.6658,1.00,1.40
2009.10.19 03:38:37.198,1.6652,1.66585,1.60,1.00
2009.10.19 03:38:37.368,1.6652,1.6658,1.00,1.40
2009.10.19 03:38:38.068,1.6652,1.6659,1.60,1.20
2009.10.19 03:38:38.418,1.66515,1.6658,2.40,1.40
2009.10.19 03:38:38.588,1.6652,1.6659,1.40,1.30
2009.10.19 03:38:38.758,1.6652,1.6659,1.40,1.00
2009.10.19 03:38:38.988,1.66515,1.6658,1.60,1.40
2009.10.19 03:38:39.338,1.6652,1.6658,1.00,1.40
2009.10.19 03:38:39.518,1.6652,1.66585,1.60,1.00
2009.10.19 03:38:39.738,1.6652,1.6658,1.00,1.40
2009.10.19 03:38:40.148,1.6652,1.66585,1.60,1.00
2009.10.19 03:38:40.318,1.6652,1.66595,1.60,3.70
2009.10.19 03:38:40.557,1.66515,1.6658,3.20,1.40
2009.10.19 03:38:40.788,1.66515,1.6658,1.60,1.40
2009.10.19 03:38:42.167,1.6652,1.6658,1.00,1.40
2009.10.19 03:38:49.556,1.66515,1.6658,1.60,1.40
2009.10.19 03:38:49.846,1.6652,1.6658,1.40,1.40
2009.10.19 03:38:51.255,1.6652,1.6658,1.60,1.40
2009.10.19 03:38:51.495,1.66525,1.6659,1.60,1.00
2009.10.19 03:38:51.725,1.6652,1.6658,1.50,1.40
2009.10.19 03:38:51.965,1.6652,1.6658,1.60,1.40
2009.10.19 03:38:52.135,1.66525,1.6658,1.00,1.40
2009.10.19 03:38:52.375,1.6652,1.6658,1.60,1.40
2009.10.19 03:39:21.518,1.66525,1.6658,1.00,1.40
2009.10.19 03:39:21.688,1.6652,1.6658,1.60,1.40
2009.10.19 03:39:22.697,1.66525,1.6659,1.60,2.90
2009.10.19 03:39:23.057,1.6652,1.6658,1.60,1.40
2009.10.19 03:39:23.407,1.66525,1.6658,1.00,1.40
2009.10.19 03:39:23.807,1.6652,1.6658,1.60,1.40
2009.10.19 03:39:26.237,1.66525,1.6658,1.00,1.40
2009.10.19 03:39:33.285,1.66525,1.6659,1.40,1.00
2009.10.19 03:39:33.445,1.6652,1.6658,1.60,1.40
2009.10.19 03:39:35.234,1.66525,1.6658,1.00,1.40
2009.10.19 03:39:39.123,1.66525,1.6658,1.60,1.40
2009.10.19 03:39:39.354,1.66525,1.6658,1.00,1.40
2009.10.19 03:39:39.533,1.66525,1.6658,1.60,1.40
2009.10.19 03:39:46.162,1.6653,1.6659,1.40,1.00
2009.10.19 03:39:46.462,1.66525,1.6658,1.60,1.40
2009.10.19 03:39:48.191,1.6653,1.6659,1.40,1.00
2009.10.19 03:39:48.361,1.66525,1.6658,4.80,1.40
2009.10.19 03:39:48.531,1.6653,1.6658,2.40,1.40
2009.10.19 03:39:49.581,1.66525,1.6658,4.80,1.40
2009.10.19 03:39:49.801,1.66525,1.6658,4.00,1.40
2009.10.19 03:39:50.151,1.66525,1.6658,1.60,1.40
2009.10.19 03:39:52.100,1.6653,1.66595,1.40,3.60
2009.10.19 03:39:52.440,1.66525,1.6658,1.60,1.40
2009.10.19 03:39:56.859,1.66525,1.6658,1.50,1.40
2009.10.19 03:39:56.969,1.6653,1.66595,1.40,2.00
2009.10.19 03:39:57.089,1.66525,1.6658,1.60,1.40
2009.10.19 03:39:59.859,1.66525,1.6658,4.00,1.40
2009.10.19 03:40:01.748,1.6653,1.6658,2.40,1.40
2009.10.19 03:40:02.328,1.6653,1.6659,3.80,1.00
2009.10.19 03:40:02.498,1.6653,1.66595,3.80,2.00
2009.10.19 03:40:02.678,1.6653,1.6658,2.40,1.40
2009.10.19 03:40:03.318,1.6653,1.66595,3.80,3.20
2009.10.19 03:40:03.378,1.6653,1.66595,3.80,4.00
2009.10.19 03:40:03.438,1.6653,1.66595,3.80,2.40
2009.10.19 03:40:03.608,1.6653,1.6658,2.40,1.40
2009.10.19 03:40:04.427,1.6653,1.6659,3.80,1.00
2009.10.19 03:40:04.547,1.6653,1.66595,3.80,1.90
2009.10.19 03:40:04.607,1.6653,1.66595,3.80,2.40
2009.10.19 03:40:06.217,1.6653,1.66595,4.00,2.40
2009.10.19 03:40:06.677,1.6653,1.66595,4.00,1.60
2009.10.19 03:40:06.837,1.6653,1.66595,3.80,1.60
2009.10.19 03:40:06.947,1.6653,1.66595,3.80,1.40
2009.10.19 03:40:07.117,1.6653,1.66595,3.80,1.60
2009.10.19 03:40:07.227,1.6653,1.66595,3.80,2.00
2009.10.19 03:40:07.627,1.6653,1.6658,2.40,1.40
2009.10.19 03:40:07.977,1.6652,1.6658,4.00,1.40
2009.10.19 03:40:08.276,1.6653,1.66595,1.40,4.40
2009.10.19 03:40:08.566,1.6653,1.66595,1.40,2.40
2009.10.19 03:40:10.136,1.6653,1.66595,1.60,2.40
2009.10.19 03:40:16.065,1.66525,1.6658,1.60,1.40
2009.10.19 03:40:20.464,1.6653,1.6659,1.40,1.00
2009.10.19 03:40:20.584,1.66525,1.66595,1.40,1.60
2009.10.19 03:40:21.103,1.66525,1.66595,1.60,1.40
2009.10.19 03:40:21.463,1.66525,1.66595,1.60,2.20
2009.10.19 03:40:22.213,1.6653,1.66595,1.00,2.30
2009.10.19 03:40:22.333,1.6653,1.66595,1.00,2.40
2009.10.19 03:40:22.723,1.66525,1.6658,1.00,1.40
2009.10.19 03:40:29.672,1.66525,1.66575,1.00,1.40
2009.10.19 03:40:29.791,1.66525,1.66565,2.40,1.40
2009.10.19 03:40:29.902,1.66525,1.66575,2.40,1.40
2009.10.19 03:40:30.131,1.6652,1.66575,2.40,1.40
2009.10.19 03:40:31.281,1.66525,1.66575,1.00,1.40
2009.10.19 03:41:31.616,1.6652,1.66575,2.40,1.40
2009.10.19 03:41:39.865,1.6652,1.6658,3.80,1.40
2009.10.19 03:41:40.554,1.6652,1.6658,1.40,1.40
2009.10.19 03:41:41.744,1.66525,1.6658,1.00,1.40
2009.10.19 03:41:42.044,1.6653,1.66585,1.40,1.40
2009.10.19 03:41:42.334,1.66525,1.6658,1.00,1.40
2009.10.19 03:41:42.976,1.6653,1.66585,1.40,1.40
2009.10.19 03:41:45.993,1.6653,1.66585,1.60,1.40
2009.10.19 03:41:47.562,1.6653,1.66585,1.40,1.60
2009.10.19 03:41:47.842,1.66525,1.6658,1.60,1.40
2009.10.19 03:41:48.402,1.6653,1.66595,1.50,2.30
2009.10.19 03:41:48.632,1.6653,1.6658,1.00,1.40
2009.10.19 03:41:48.922,1.66525,1.6658,1.60,1.40
2009.10.19 03:41:52.221,1.6653,1.6658,1.00,1.40
2009.10.19 03:41:56.300,1.6653,1.6659,1.00,1.60
2009.10.19 03:41:56.650,1.66535,1.6659,1.00,1.40
2009.10.19 03:42:02.209,1.6652,1.6657,1.00,1.40
2009.10.19 03:42:06.638,1.6652,1.66585,1.60,2.80
2009.10.19 03:42:06.858,1.6652,1.66585,1.60,1.60
2009.10.19 03:42:08.527,1.66525,1.66585,1.00,1.60
2009.10.19 03:42:08.877,1.66525,1.66585,1.00,1.40
2009.10.19 03:42:10.027,1.66525,1.66585,1.00,1.80
2009.10.19 03:42:10.307,1.6652,1.6657,1.00,1.40
2009.10.19 03:42:10.787,1.6652,1.66585,1.60,1.60
2009.10.19 03:42:11.307,1.6652,1.6657,1.00,1.40
2009.10.19 03:42:12.476,1.6652,1.66585,1.60,1.60
2009.10.19 03:42:12.647,1.6652,1.6657,1.00,1.40
2009.10.19 03:42:12.986,1.6652,1.66585,1.60,2.00
2009.10.19 03:42:13.156,1.6652,1.6657,1.00,1.40
2009.10.19 03:42:17.116,1.6652,1.6658,1.60,1.00
2009.10.19 03:42:17.285,1.6652,1.66585,1.60,1.60
2009.10.19 03:42:18.665,1.66525,1.66585,1.00,1.60
2009.10.19 03:42:22.464,1.6652,1.66575,2.50,1.40
2009.10.19 03:42:22.984,1.66525,1.66575,2.40,1.40
2009.10.19 03:42:24.214,1.66525,1.66575,2.50,1.40
2009.10.19 03:42:24.964,1.66525,1.66575,1.00,1.40
2009.10.19 03:42:36.421,1.66525,1.6658,1.60,1.40
2009.10.19 03:42:36.651,1.66525,1.6658,1.40,1.40
2009.10.19 03:42:36.891,1.66525,1.6659,2.40,1.40
2009.10.19 03:42:37.181,1.6652,1.66595,4.00,1.60
2009.10.19 03:42:40.670,1.66525,1.6659,1.00,1.40
2009.10.19 03:42:41.030,1.66525,1.66595,1.00,1.60
2009.10.19 03:42:41.320,1.66525,1.6659,1.00,1.40
2009.10.19 03:42:43.229,1.66525,1.6659,1.00,1.60
2009.10.19 03:42:45.919,1.66525,1.6659,1.00,1.00
2009.10.19 03:42:48.318,1.66525,1.6659,1.00,1.60
2009.10.19 03:42:52.147,1.66525,1.6659,1.00,1.00
2009.10.19 03:42:52.357,1.6652,1.66595,4.00,1.60
2009.10.19 03:42:52.537,1.66525,1.6659,1.00,1.40
2009.10.19 03:42:54.117,1.66525,1.6659,1.00,1.60
2009.10.19 03:42:59.265,1.66525,1.66585,1.00,1.00
2009.10.19 03:42:59.965,1.6652,1.66585,2.50,1.00
2009.10.19 03:43:13.472,1.6652,1.66585,3.30,1.00
2009.10.19 03:43:13.772,1.66525,1.66575,2.40,1.40
2009.10.19 03:43:13.882,1.66525,1.6658,2.40,1.40
2009.10.19 03:43:14.062,1.6653,1.6658,2.40,1.40
2009.10.19 03:43:21.760,1.66525,1.6658,2.60,1.40
2009.10.19 03:43:23.329,1.6653,1.6658,2.40,1.40
2009.10.19 03:43:24.849,1.6653,1.66585,2.40,1.40
2009.10.19 03:43:25.069,1.6653,1.6658,2.40,1.40
2009.10.19 03:43:29.288,1.6653,1.66575,2.40,1.40
2009.10.19 03:43:29.498,1.66525,1.66575,2.40,1.40
2009.10.19 03:43:29.728,1.6652,1.66575,1.00,1.40
2009.10.19 03:43:30.068,1.66525,1.6658,2.40,1.40
2009.10.19 03:43:30.768,1.66525,1.6658,4.00,1.00
2009.10.19 03:43:32.327,1.6653,1.66585,2.40,1.60
2009.10.19 03:43:35.297,1.6653,1.6658,2.40,1.00
2009.10.19 03:43:37.596,1.6653,1.6658,2.40,1.00
2009.10.19 03:43:37.896,1.6653,1.6658,2.40,2.00
2009.10.19 03:43:38.176,1.6652,1.6658,1.60,1.60
2009.10.19 03:43:39.216,1.66525,1.6658,1.00,1.60
2009.10.19 03:43:41.705,1.6652,1.66575,1.00,1.40
2009.10.19 03:43:42.235,1.6652,1.66575,2.50,1.40
2009.10.19 03:43:43.165,1.6652,1.66575,2.50,1.60
2009.10.19 03:43:43.745,1.6652,1.66575,2.50,1.40
2009.10.19 03:43:43.864,1.6652,1.6658,4.00,1.60
2009.10.19 03:43:44.034,1.6652,1.6658,1.60,1.60
2009.10.19 03:43:45.284,1.66525,1.6658,1.00,1.60
2009.10.19 03:43:52.742,1.6652,1.6658,1.60,1.60
2009.10.19 03:43:52.862,1.6652,1.66575,1.00,1.40
2009.10.19 03:43:53.812,1.6652,1.66575,1.00,1.60
2009.10.19 03:44:00.561,1.6652,1.66575,1.00,1.40
2009.10.19 03:44:00.741,1.6652,1.6658,1.60,1.60
2009.10.19 03:44:02.180,1.66525,1.6658,1.00,1.60
2009.10.19 03:44:14.237,1.6652,1.6658,1.60,1.60
2009.10.19 03:44:15.157,1.66525,1.6658,1.00,1.40
2009.10.19 03:44:18.386,1.6652,1.6658,1.60,1.40
2009.10.19 03:44:19.666,1.66525,1.6658,1.00,1.60
2009.10.19 03:44:22.236,1.6652,1.6658,1.60,1.40
2009.10.19 03:44:23.235,1.66525,1.6658,1.00,1.60
2009.10.19 03:44:24.615,1.6652,1.6658,1.60,1.40
2009.10.19 03:44:26.314,1.66525,1.6658,1.00,1.60
2009.10.19 03:44:39.031,1.6652,1.6658,1.50,1.40
2009.10.19 03:44:39.191,1.6652,1.6658,1.60,1.40
2009.10.19 03:44:40.881,1.66525,1.6658,1.00,1.60
2009.10.19 03:44:42.660,1.6652,1.6658,1.50,1.50
2009.10.19 03:44:43.010,1.6652,1.6658,1.60,2.80
2009.10.19 03:44:43.300,1.6652,1.6658,1.60,1.60
2009.10.19 03:44:43.650,1.6652,1.6658,1.60,1.40
2009.10.19 03:44:45.250,1.66525,1.6658,1.00,1.60
2009.10.19 03:44:47.009,1.6652,1.6658,1.60,1.40
2009.10.19 03:44:48.469,1.66515,1.6658,2.50,1.60
2009.10.19 03:44:48.819,1.66515,1.6658,1.00,1.60
2009.10.19 03:44:49.219,1.6652,1.6658,1.00,1.60
2009.10.19 03:44:50.388,1.6652,1.66575,1.00,1.00
2009.10.19 03:44:56.347,1.66515,1.66575,1.40,1.60
2009.10.19 03:44:57.277,1.66515,1.6657,1.60,1.00
2009.10.19 03:45:02.925,1.66515,1.66575,1.60,1.40
2009.10.19 03:45:04.395,1.66515,1.66575,1.40,1.60
2009.10.19 03:45:05.255,1.66515,1.6657,1.60,1.00
2009.10.19 03:45:10.634,1.66515,1.66575,1.60,1.40
2009.10.19 03:45:10.794,1.66515,1.66575,1.40,1.60
2009.10.19 03:45:10.973,1.66515,1.66575,1.60,1.40
2009.10.19 03:45:12.303,1.6652,1.66575,1.00,1.60
2009.10.19 03:45:13.523,1.66515,1.66575,1.40,1.60
2009.10.19 03:45:13.933,1.66515,1.66575,1.60,1.40
2009.10.19 03:45:14.323,1.66515,1.6657,1.00,1.40
2009.10.19 03:45:14.433,1.6652,1.66575,1.60,1.40
2009.10.19 03:45:14.723,1.6652,1.66575,1.40,1.40
2009.10.19 03:45:16.302,1.6652,1.66575,1.60,1.60
2009.10.19 03:45:16.932,1.66525,1.6658,1.40,1.60
2009.10.19 03:45:23.951,1.66525,1.6658,1.40,1.60
2009.10.19 03:45:24.070,1.6652,1.66575,1.60,1.40
2009.10.19 03:45:25.160,1.6652,1.66575,1.50,1.50
2009.10.19 03:45:25.270,1.6652,1.66575,1.60,1.60
2009.10.19 03:46:00.642,1.66525,1.6658,1.40,2.40
2009.10.19 03:46:00.872,1.66525,1.6658,1.40,1.60
2009.10.19 03:46:02.411,1.66525,1.6658,1.60,1.60
2009.10.19 03:46:43.701,1.66525,1.6658,4.00,1.60
2009.10.19 03:47:01.047,1.6653,1.66585,1.40,2.20
2009.10.19 03:47:01.227,1.6653,1.66585,1.40,1.40
2009.10.19 03:47:04.576,1.6653,1.66585,3.80,1.40
2009.10.19 03:47:04.916,1.6653,1.66585,4.60,1.40
2009.10.19 03:47:05.036,1.66535,1.66585,2.40,1.40
2009.10.19 03:47:12.254,1.6654,1.66585,2.40,1.40
2009.10.19 03:47:13.704,1.66535,1.66585,2.40,1.40
2009.10.19 03:47:16.503,1.66535,1.66585,2.40,1.60
2009.10.19 03:47:21.772,1.66535,1.6658,2.40,1.40
2009.10.19 03:47:22.052,1.66535,1.66585,2.40,1.60
2009.10.19 03:47:22.222,1.66535,1.66585,2.40,1.40
2009.10.19 03:47:23.512,1.66535,1.66585,2.50,1.40
2009.10.19 03:47:28.220,1.66535,1.6659,4.00,1.40
2009.10.19 03:47:28.500,1.66545,1.66595,2.40,1.40
2009.10.19 03:47:29.480,1.66545,1.666,3.80,2.80
2009.10.19 03:47:32.979,1.66545,1.66595,2.40,1.80
2009.10.19 03:47:42.577,1.66545,1.66595,2.40,2.00
2009.10.19 03:47:43.277,1.66545,1.6659,3.80,1.00
2009.10.19 03:47:43.447,1.66545,1.66595,3.80,1.00
2009.10.19 03:47:45.196,1.66545,1.66595,3.80,1.00
2009.10.19 03:47:50.555,1.66545,1.666,3.80,2.00
2009.10.19 03:48:00.483,1.6655,1.666,2.40,2.00
2009.10.19 03:48:18.109,1.6655,1.666,3.80,1.00
2009.10.19 03:48:18.399,1.66555,1.666,2.40,1.00
2009.10.19 03:48:18.579,1.66555,1.66605,2.40,2.00
2009.10.19 03:48:18.739,1.66555,1.66605,3.80,1.00
2009.10.19 03:48:18.859,1.66555,1.66605,3.80,1.00
2009.10.19 03:48:19.039,1.6657,1.66615,1.40,1.00
2009.10.19 03:48:19.319,1.6657,1.6662,1.40,1.00
2009.10.19 03:48:19.488,1.66565,1.6662,5.40,1.00
2009.10.19 03:48:19.659,1.6658,1.6662,1.40,1.00
2009.10.19 03:48:19.829,1.6658,1.66635,1.40,1.80
2009.10.19 03:48:19.939,1.6658,1.66625,2.40,1.40
2009.10.19 03:48:20.118,1.66585,1.66635,1.40,2.00
2009.10.19 03:48:20.239,1.6659,1.66635,3.80,1.20
2009.10.19 03:48:20.408,1.6659,1.66635,3.80,1.00
2009.10.19 03:48:20.528,1.6659,1.66645,3.80,2.00
2009.10.19 03:48:21.558,1.66595,1.66645,1.40,1.00
2009.10.19 03:48:26.877,1.66595,1.66645,1.40,1.00
2009.10.19 03:48:27.217,1.6659,1.6664,2.40,1.00
2009.10.19 03:48:27.617,1.66595,1.66645,1.40,1.00
2009.10.19 03:48:27.787,1.66595,1.66645,1.40,1.00
2009.10.19 03:48:28.007,1.6659,1.66635,2.40,1.40
2009.10.19 03:48:28.237,1.66595,1.66645,1.40,1.00
2009.10.19 03:48:29.596,1.6659,1.66645,1.40,2.00
2009.10.19 03:48:34.955,1.66585,1.66635,3.80,1.40
2009.10.19 03:48:35.185,1.6659,1.66645,1.40,1.60
2009.10.19 03:48:35.415,1.6659,1.66645,1.40,2.00
2009.10.19 03:48:37.994,1.66595,1.66645,2.20,1.00
2009.10.19 03:48:38.285,1.66595,1.6665,4.60,2.00
2009.10.19 03:48:38.524,1.66595,1.6665,3.80,2.00
2009.10.19 03:48:39.444,1.66595,1.6664,3.80,1.00
2009.10.19 03:48:39.724,1.66595,1.66635,2.40,1.80
2009.10.19 03:48:40.074,1.6659,1.66635,2.40,2.20
2009.10.19 03:48:40.544,1.6659,1.66635,3.80,1.00
2009.10.19 03:48:40.724,1.666,1.6664,1.40,1.00
2009.10.19 03:48:40.943,1.666,1.6665,1.40,1.00
2009.10.19 03:48:41.113,1.66595,1.66655,1.00,2.40
2009.10.19 03:48:41.463,1.66605,1.6665,2.40,1.00
2009.10.19 03:48:41.853,1.6661,1.66655,1.40,1.00
2009.10.19 03:48:42.193,1.6661,1.66655,1.40,1.00
2009.10.19 03:48:43.393,1.66615,1.6666,3.20,1.00
2009.10.19 03:48:43.553,1.6662,1.66675,1.00,3.20
2009.10.19 03:48:43.793,1.66625,1.66675,2.40,2.40
2009.10.19 03:48:44.023,1.66625,1.66675,2.40,2.20
2009.10.19 03:48:44.193,1.66625,1.6668,3.80,2.00
2009.10.19 03:48:44.413,1.66625,1.6668,3.80,1.40
2009.10.19 03:48:44.883,1.6663,1.6668,1.40,1.00
2009.10.19 03:48:45.393,1.6663,1.66675,2.40,1.40
2009.10.19 03:48:45.723,1.6663,1.66665,2.40,1.40
2009.10.19 03:48:46.062,1.6663,1.6667,2.40,1.60
2009.10.19 03:48:46.413,1.66625,1.66675,1.40,1.00
2009.10.19 03:48:46.692,1.6663,1.6668,1.40,1.00
2009.10.19 03:48:46.992,1.66635,1.6669,1.40,2.00
2009.10.19 03:48:47.262,1.6664,1.66685,2.40,1.00
2009.10.19 03:48:47.622,1.66645,1.66695,1.40,1.60
2009.10.19 03:48:48.012,1.6664,1.66695,2.40,1.00
2009.10.19 03:48:48.712,1.66635,1.66705,3.80,1.40
2009.10.19 03:48:49.002,1.66625,1.66705,1.00,2.40
2009.10.19 03:48:49.351,1.66635,1.66695,1.40,1.00
2009.10.19 03:48:49.572,1.6663,1.66695,1.40,1.00
2009.10.19 03:48:50.022,1.66625,1.66695,1.40,2.20
2009.10.19 03:48:50.422,1.66625,1.66695,1.40,1.40
2009.10.19 03:48:50.751,1.66625,1.66695,1.40,1.60
2009.10.19 03:48:51.051,1.66625,1.66675,2.40,1.40
2009.10.19 03:48:51.341,1.66625,1.66675,2.40,1.00
2009.10.19 03:48:51.641,1.66615,1.66675,1.40,1.00
2009.10.19 03:48:51.971,1.6661,1.66665,2.00,1.40
2009.10.19 03:48:52.671,1.6661,1.66665,4.00,1.40
2009.10.19 03:48:52.951,1.6661,1.66665,3.80,1.60
2009.10.19 03:48:53.580,1.6661,1.66665,1.40,1.60
2009.10.19 03:48:53.920,1.66615,1.66675,1.40,1.30
2009.10.19 03:48:54.260,1.66615,1.66675,1.40,1.20
2009.10.19 03:48:54.990,1.66615,1.66675,1.40,1.30
2009.10.19 03:48:55.170,1.66615,1.66675,1.60,1.30
2009.10.19 03:48:56.410,1.6663,1.66675,1.40,1.00
2009.10.19 03:48:56.630,1.6663,1.6668,1.40,1.40
2009.10.19 03:48:57.200,1.6663,1.6668,1.40,1.60
2009.10.19 03:48:57.559,1.6663,1.6668,1.40,1.40
2009.10.19 03:48:57.900,1.6664,1.6669,1.40,1.00
2009.10.19 03:48:58.179,1.6664,1.667,1.40,2.40
2009.10.19 03:48:58.469,1.66645,1.667,1.40,1.00
2009.10.19 03:48:58.759,1.6664,1.667,1.40,2.40
2009.10.19 03:48:59.059,1.6665,1.667,1.40,1.00
2009.10.19 03:48:59.289,1.6665,1.667,1.40,1.40
2009.10.19 03:49:00.549,1.6665,1.667,1.40,1.60
2009.10.19 03:49:00.839,1.66645,1.667,2.40,1.60
2009.10.19 03:49:01.109,1.6664,1.66695,3.80,1.00
2009.10.19 03:49:01.398,1.6664,1.66695,2.40,1.60
2009.10.19 03:49:01.629,1.66645,1.6669,2.90,1.40
2009.10.19 03:49:01.909,1.66645,1.6668,2.90,1.40
2009.10.19 03:49:02.198,1.6663,1.66685,1.40,1.40
2009.10.19 03:49:02.838,1.66625,1.6668,4.40,1.40
2009.10.19 03:49:03.119,1.6663,1.6669,1.40,1.60
2009.10.19 03:49:03.478,1.66625,1.6668,4.40,1.40
2009.10.19 03:49:04.468,1.66625,1.66675,2.90,1.80
2009.10.19 03:49:04.808,1.6662,1.66675,1.40,1.80
2009.10.19 03:49:05.108,1.66615,1.6667,4.40,1.40
2009.10.19 03:49:05.458,1.6662,1.66675,1.40,1.80
2009.10.19 03:49:05.797,1.66615,1.6667,4.40,1.40
2009.10.19 03:49:06.147,1.6662,1.6667,2.90,1.40
2009.10.19 03:49:06.967,1.6662,1.6667,2.90,1.60
2009.10.19 03:49:07.657,1.6662,1.6667,2.90,1.40
2009.10.19 03:49:07.887,1.6661,1.6667,4.40,1.00
2009.10.19 03:49:08.107,1.6661,1.66675,5.20,2.20
2009.10.19 03:49:08.337,1.6662,1.6668,4.40,1.60
2009.10.19 03:49:08.567,1.6662,1.66675,4.40,1.00
2009.10.19 03:49:08.957,1.6662,1.66675,2.90,1.40
2009.10.19 03:49:09.256,1.6662,1.66675,2.90,1.60
2009.10.19 03:49:09.606,1.6662,1.6668,4.40,1.60
2009.10.19 03:49:09.786,1.66625,1.6668,2.90,1.60
2009.10.19 03:49:09.966,1.66625,1.6668,2.90,1.40
2009.10.19 03:49:10.306,1.66625,1.6668,2.90,1.60
2009.10.19 03:49:10.487,1.66625,1.6668,2.90,2.40
2009.10.19 03:49:11.176,1.66625,1.6668,2.90,2.20
2009.10.19 03:49:11.856,1.66625,1.6668,2.90,2.40
2009.10.19 03:49:12.996,1.6662,1.6668,4.40,2.40
2009.10.19 03:49:13.176,1.6662,1.6668,1.40,2.40
2009.10.19 03:49:13.406,1.66615,1.6667,1.40,1.40
2009.10.19 03:49:13.626,1.6662,1.66675,1.40,1.00
2009.10.19 03:49:13.846,1.66615,1.6667,1.40,1.40
2009.10.19 03:49:14.426,1.6662,1.66675,1.40,1.00
2009.10.19 03:49:15.055,1.6662,1.6668,1.40,1.00
2009.10.19 03:49:15.165,1.66615,1.6667,1.40,1.40
2009.10.19 03:49:15.615,1.6662,1.66675,1.40,1.00
2009.10.19 03:49:15.725,1.6662,1.6668,1.40,1.00
2009.10.19 03:49:15.845,1.6662,1.6668,1.40,1.00
2009.10.19 03:49:16.415,1.6661,1.66665,2.90,1.40
2009.10.19 03:49:16.645,1.66615,1.6667,1.40,1.40
2009.10.19 03:49:17.975,1.6662,1.6668,1.40,2.00
2009.10.19 03:49:18.155,1.6662,1.66675,1.40,1.00
2009.10.19 03:49:18.334,1.6662,1.66675,1.40,1.00
2009.10.19 03:49:18.504,1.66615,1.6667,1.60,1.40
2009.10.19 03:49:22.304,1.66605,1.6665,3.70,1.40
2009.10.19 03:49:22.603,1.66605,1.6665,2.90,1.40
2009.10.19 03:49:24.423,1.66605,1.66665,5.20,2.40
2009.10.19 03:49:24.583,1.66615,1.66665,2.90,1.00
2009.10.19 03:49:24.763,1.666,1.66665,4.40,1.40
2009.10.19 03:49:24.943,1.66615,1.66675,1.40,1.00
2009.10.19 03:49:25.113,1.66615,1.6668,1.40,1.00
2009.10.19 03:49:25.283,1.66615,1.6668,1.40,1.00
2009.10.19 03:49:25.463,1.66625,1.6668,1.40,1.00
2009.10.19 03:49:25.623,1.66615,1.66685,1.40,1.60
2009.10.19 03:49:25.843,1.66615,1.66685,1.40,2.00
2009.10.19 03:49:26.183,1.6661,1.6667,2.90,1.40
2009.10.19 03:49:26.423,1.6661,1.66675,2.90,1.80
2009.10.19 03:49:26.773,1.6662,1.66675,2.90,2.00
2009.10.19 03:49:27.112,1.6662,1.66675,2.90,1.20
2009.10.19 03:49:27.452,1.6661,1.66675,2.90,1.80
2009.10.19 03:49:27.682,1.6661,1.66685,2.90,2.40
2009.10.19 03:49:27.912,1.6661,1.66685,2.90,1.70
2009.10.19 03:49:28.182,1.6661,1.66685,2.90,1.00
2009.10.19 03:49:28.412,1.6661,1.6664,2.90,1.40
2009.10.19 03:49:28.992,1.66565,1.6664,1.40,1.40
2009.10.19 03:49:29.642,1.66575,1.66635,1.40,1.00
2009.10.19 03:49:29.862,1.66575,1.66645,1.40,1.80
2009.10.19 03:49:30.042,1.66585,1.6664,1.40,1.00
2009.10.19 03:49:30.212,1.66585,1.66645,1.40,1.40
2009.10.19 03:49:30.612,1.6658,1.66645,4.40,1.40
2009.10.19 03:49:30.781,1.6658,1.66645,4.40,1.60
2009.10.19 03:49:31.611,1.6658,1.6664,2.90,1.40
2009.10.19 03:49:32.471,1.6658,1.6664,3.10,1.40
2009.10.19 03:49:34.101,1.6658,1.6664,3.10,2.20
2009.10.19 03:49:34.161,1.66585,1.6664,2.90,1.40
2009.10.19 03:49:34.401,1.66585,1.6664,3.70,1.40
2009.10.19 03:49:34.521,1.6659,1.6664,2.90,1.80
2009.10.19 03:49:34.581,1.6659,1.6663,2.90,1.40
2009.10.19 03:49:34.700,1.6659,1.6664,2.90,2.20
2009.10.19 03:49:34.751,1.6658,1.6663,4.50,1.00
2009.10.19 03:49:34.861,1.6658,1.6663,4.40,1.00
2009.10.19 03:49:35.210,1.6658,1.6664,4.40,1.40
2009.10.19 03:49:35.570,1.66585,1.6664,2.90,1.40
2009.10.19 03:49:35.900,1.6659,1.6664,2.90,1.40
2009.10.19 03:49:36.690,1.6659,1.6665,4.40,1.60
2009.10.19 03:49:36.990,1.6659,1.6666,4.40,1.00
2009.10.19 03:49:37.340,1.6659,1.66655,4.80,1.00
2009.10.19 03:49:37.690,1.666,1.66665,1.40,2.40
2009.10.19 03:49:38.040,1.666,1.66665,1.60,2.40
2009.10.19 03:49:38.600,1.666,1.66665,1.00,2.40
2009.10.19 03:49:38.889,1.666,1.6666,1.00,1.00
2009.10.19 03:49:39.179,1.66605,1.66665,1.00,2.40
2009.10.19 03:49:39.579,1.66605,1.66665,1.00,3.20
2009.10.19 03:49:39.759,1.666,1.6666,1.00,1.00
2009.10.19 03:49:40.229,1.666,1.66665,1.60,3.20
2009.10.19 03:49:40.349,1.666,1.66665,1.60,2.40
2009.10.19 03:49:40.460,1.66605,1.66665,1.00,2.40
2009.10.19 03:49:40.629,1.66605,1.6665,1.00,1.40
2009.10.19 03:49:40.919,1.6659,1.6665,4.40,1.40
2009.10.19 03:49:41.679,1.6659,1.66645,5.60,1.60
2009.10.19 03:49:42.029,1.6659,1.6663,3.70,1.40
2009.10.19 03:49:42.379,1.6659,1.66625,3.70,1.40
2009.10.19 03:49:43.019,1.6658,1.66625,3.10,1.40
2009.10.19 03:49:43.708,1.6658,1.6663,4.40,1.40
2009.10.19 03:49:44.049,1.6659,1.6664,1.40,1.00
2009.10.19 03:49:44.398,1.66585,1.6664,1.00,1.40
2009.10.19 03:49:45.008,1.6659,1.6664,1.00,1.40
2009.10.19 03:49:45.308,1.66585,1.6664,1.00,1.40
2009.10.19 03:49:45.648,1.66585,1.66645,1.00,1.60
2009.10.19 03:49:45.828,1.6658,1.6664,3.10,1.40
2009.10.19 03:49:47.387,1.6658,1.6664,3.10,1.60
2009.10.19 03:49:47.727,1.6658,1.66635,4.40,1.00
2009.10.19 03:49:48.077,1.6658,1.6664,4.40,1.00
