2007.06.24 23:00:05.420,2.456,2.4567,2.00,3.20
2007.06.24 23:00:07.339,2.456,2.4568,2.00,4.80
2007.06.24 23:00:28.753,2.456,2.4568,2.00,1.60
2007.06.24 23:00:38.702,2.4557,2.4569,3.80,8.70
2007.06.24 23:00:38.742,2.456,2.457,4.40,1.60
2007.06.24 23:01:21.798,2.456,2.457,9.90,1.60
2007.06.24 23:01:28.297,2.456,2.457,6.00,1.60
2007.06.24 23:01:35.625,2.456,2.457,4.00,1.60
2007.06.24 23:01:36.159,2.456,2.457,2.40,1.60
2007.06.24 23:01:40.220,2.456,2.457,4.40,1.60
2007.06.24 23:01:54.768,2.4561,2.457,3.20,1.60
2007.06.24 23:01:55.167,2.4561,2.4571,3.20,3.60
2007.06.24 23:01:59.226,2.4562,2.4571,2.40,3.60
2007.06.24 23:01:59.323,2.4562,2.4571,2.40,0.70
2007.06.24 23:02:05.167,2.4561,2.4572,7.90,3.60
2007.06.24 23:02:05.254,2.456,2.4572,11.50,3.60
2007.06.24 23:02:05.270,2.456,2.457,11.50,0.60
2007.06.24 23:02:09.115,2.456,2.4571,9.90,3.60
2007.06.24 23:02:17.068,2.4564,2.457,0.80,0.80
2007.06.24 23:02:33.111,2.4564,2.4571,0.80,4.40
2007.06.24 23:02:33.426,2.4564,2.4571,0.80,3.60
2007.06.24 23:02:33.542,2.4565,2.4571,3.20,3.60
2007.06.24 23:02:34.127,2.4565,2.457,3.20,1.60
2007.06.24 23:02:34.392,2.456,2.457,9.90,1.60
2007.06.24 23:03:00.320,2.4564,2.457,0.80,1.60
2007.06.24 23:04:53.435,2.4564,2.4571,0.80,6.00
2007.06.24 23:05:04.567,2.4564,2.4571,4.00,2.00
2007.06.24 23:05:04.852,2.4565,2.4571,3.20,2.00
2007.06.24 23:05:14.631,2.4564,2.4571,4.00,2.80
2007.06.24 23:05:18.666,2.4564,2.4571,4.00,0.80
2007.06.24 23:05:18.984,2.4565,2.4572,3.20,6.80
2007.06.24 23:05:30.371,2.4564,2.4572,4.00,10.00
2007.06.24 23:05:37.712,2.4564,2.4571,4.00,2.00
2007.06.24 23:05:38.442,2.4564,2.4571,0.80,6.00
2007.06.24 23:05:55.830,2.45645,2.457,4.00,4.00
2007.06.24 23:05:57.606,2.4564,2.457,4.80,4.00
2007.06.24 23:06:00.654,2.4564,2.45705,4.80,4.00
2007.06.24 23:06:15.646,2.45645,2.4571,4.00,10.00
2007.06.24 23:06:15.719,2.45645,2.4571,4.00,6.00
2007.06.24 23:06:16.018,2.4565,2.4571,3.20,6.00
2007.06.24 23:06:23.650,2.45645,2.4571,4.00,6.80
2007.06.24 23:06:23.774,2.4564,2.45705,8.00,4.00
2007.06.24 23:06:25.800,2.4565,2.4571,4.00,6.80
2007.06.24 23:06:25.965,2.4565,2.4571,7.20,6.00
2007.06.24 23:06:45.310,2.4565,2.4571,4.00,6.00
2007.06.24 23:07:34.785,2.4565,2.4571,4.00,4.00
2007.06.24 23:08:04.192,2.4565,2.4571,7.20,4.00
2007.06.24 23:08:04.199,2.4565,2.4571,9.40,4.00
2007.06.24 23:08:04.635,2.4566,2.4571,2.20,4.00
2007.06.24 23:08:09.904,2.4566,2.4572,2.20,10.00
2007.06.24 23:08:10.547,2.4566,2.4572,5.40,6.00
2007.06.24 23:08:17.637,2.4566,2.4572,2.20,6.80
2007.06.24 23:08:17.776,2.4566,2.4571,2.20,4.00
2007.06.24 23:08:30.872,2.4566,2.4571,2.20,6.00
2007.06.24 23:09:09.598,2.4566,2.45705,2.20,4.00
2007.06.24 23:09:13.410,2.4566,2.4571,2.20,6.00
2007.06.24 23:10:02.545,2.4565,2.4571,9.40,6.00
2007.06.24 23:10:19.761,2.4565,2.4571,6.20,6.00
2007.06.24 23:10:19.917,2.4565,2.4571,4.00,6.00
2007.06.24 23:10:21.640,2.4565,2.4571,8.00,6.00
2007.06.24 23:10:45.046,2.4565,2.4571,4.00,6.00
2007.06.24 23:10:47.348,2.4565,2.4571,4.00,4.00
2007.06.24 23:10:47.870,2.4565,2.4571,8.00,4.00
2007.06.24 23:10:47.885,2.45655,2.4572,4.00,8.00
2007.06.24 23:10:48.130,2.45665,2.4572,4.00,4.00
2007.06.24 23:10:48.575,2.4567,2.4572,3.20,4.00
2007.06.24 23:10:51.230,2.4567,2.4571,3.20,2.00
2007.06.24 23:10:51.442,2.4567,2.4571,3.20,6.00
2007.06.24 23:10:51.864,2.45645,2.4571,4.00,6.80
2007.06.24 23:11:08.209,2.4565,2.4571,4.00,2.80
2007.06.24 23:11:08.225,2.4565,2.4571,8.00,2.00
2007.06.24 23:11:08.827,2.4565,2.4571,4.80,2.00
2007.06.24 23:11:11.253,2.4566,2.4571,4.00,2.00
2007.06.24 23:11:11.386,2.4566,2.4571,4.80,2.00
2007.06.24 23:11:12.010,2.4566,2.4571,0.80,2.00
2007.06.24 23:11:12.074,2.45655,2.4571,4.00,2.00
2007.06.24 23:11:13.702,2.4566,2.4572,0.80,10.00
2007.06.24 23:11:13.787,2.4566,2.4572,4.80,6.00
2007.06.24 23:11:15.234,2.4566,2.4572,2.30,6.00
2007.06.24 23:11:20.119,2.4566,2.4572,4.80,4.00
2007.06.24 23:11:20.719,2.4566,2.4572,4.80,6.00
2007.06.24 23:11:21.156,2.4566,2.4572,0.80,10.00
2007.06.24 23:11:21.240,2.4566,2.4571,0.80,2.00
2007.06.24 23:11:21.333,2.45655,2.4571,4.00,2.00
2007.06.24 23:11:30.372,2.4566,2.4571,3.20,2.00
2007.06.24 23:11:43.775,2.4566,2.4571,3.20,6.00
2007.06.24 23:11:43.935,2.4565,2.4571,7.20,6.00
2007.06.24 23:11:44.435,2.4565,2.4571,8.00,6.00
2007.06.24 23:11:44.508,2.4565,2.4571,8.00,2.00
2007.06.24 23:11:45.294,2.4565,2.4571,4.00,6.00
2007.06.24 23:11:45.359,2.45645,2.4571,4.00,6.80
2007.06.24 23:11:46.495,2.4565,2.4571,0.80,6.00
2007.06.24 23:11:46.552,2.4565,2.4571,4.80,2.00
2007.06.24 23:11:48.810,2.4565,2.4571,8.00,2.00
2007.06.24 23:11:48.853,2.4566,2.4571,4.00,2.00
2007.06.24 23:11:52.682,2.45665,2.4571,4.00,2.00
2007.06.24 23:11:53.206,2.45665,2.457,4.00,2.00
2007.06.24 23:12:00.815,2.45665,2.4572,4.00,6.00
2007.06.24 23:12:01.112,2.4567,2.4572,3.20,6.00
2007.06.24 23:12:03.798,2.45665,2.4572,4.00,6.00
2007.06.24 23:12:03.839,2.4566,2.4572,8.00,6.00
2007.06.24 23:12:19.696,2.4566,2.4572,8.00,2.00
2007.06.24 23:12:21.289,2.4566,2.45725,8.00,4.00
2007.06.24 23:12:21.798,2.4566,2.4572,8.00,2.00
2007.06.24 23:12:30.251,2.4566,2.4572,4.80,2.00
2007.06.24 23:12:53.882,2.4567,2.4572,0.80,2.00
2007.06.24 23:12:54.149,2.45675,2.4572,4.00,2.00
2007.06.24 23:12:56.434,2.4567,2.4572,4.00,2.00
2007.06.24 23:12:56.620,2.4566,2.4572,8.00,2.00
2007.06.24 23:12:56.920,2.45665,2.4572,4.00,2.00
2007.06.24 23:12:57.012,2.4567,2.4572,3.20,2.00
2007.06.24 23:13:09.870,2.45675,2.4572,4.00,2.00
2007.06.24 23:13:09.949,2.4568,2.4572,3.20,2.00
2007.06.24 23:13:11.894,2.4568,2.4573,3.20,4.00
2007.06.24 23:13:27.176,2.45685,2.4573,4.00,4.00
2007.06.24 23:13:27.240,2.4569,2.4573,3.20,4.00
2007.06.24 23:13:29.172,2.4569,2.4573,3.20,0.50
2007.06.24 23:14:19.489,2.4569,2.4573,7.20,4.00
2007.06.24 23:14:19.595,2.4569,2.4574,7.20,8.00
2007.06.24 23:14:19.672,2.4566,2.4574,8.20,8.00
2007.06.24 23:14:20.103,2.4569,2.4574,4.80,8.00
2007.06.24 23:14:25.079,2.4569,2.4574,0.80,8.00
2007.06.24 23:14:25.124,2.4569,2.4573,0.80,4.00
2007.06.24 23:14:25.165,2.45685,2.4573,4.00,4.00
2007.06.24 23:14:35.174,2.45685,2.4574,4.00,8.00
2007.06.24 23:14:35.207,2.4569,2.4574,0.80,8.00
2007.06.24 23:14:35.222,2.4569,2.4574,4.80,8.00
2007.06.24 23:15:02.783,2.4569,2.4573,4.80,0.80
2007.06.24 23:15:23.708,2.4569,2.4573,4.80,4.80
2007.06.24 23:15:23.753,2.4569,2.4573,0.80,4.80
2007.06.24 23:15:23.768,2.45685,2.4573,4.00,4.80
2007.06.24 23:15:24.066,2.4569,2.4573,3.20,4.80
2007.06.24 23:15:30.079,2.45685,2.4573,4.00,4.80
2007.06.24 23:15:30.113,2.4568,2.4573,3.20,4.80
2007.06.24 23:15:30.687,2.4568,2.4573,3.20,0.80
2007.06.24 23:15:30.879,2.45685,2.4573,4.00,0.80
2007.06.24 23:15:36.746,2.4568,2.4573,3.20,0.80
2007.06.24 23:15:38.890,2.45675,2.4573,4.00,0.80
2007.06.24 23:15:39.042,2.4567,2.4573,7.20,4.80
2007.06.24 23:15:39.535,2.4567,2.4573,1.20,4.80
2007.06.24 23:15:39.609,2.4566,2.4573,18.20,4.80
2007.06.24 23:15:40.037,2.4566,2.4573,20.20,4.80
2007.06.24 23:15:40.067,2.4567,2.4573,8.00,0.80
2007.06.24 23:16:00.315,2.4568,2.4573,1.90,0.80
2007.06.24 23:16:04.202,2.4568,2.4573,1.00,2.80
2007.06.24 23:16:04.240,2.4566,2.4573,18.20,2.80
2007.06.24 23:16:05.399,2.4567,2.4573,8.00,2.80
2007.06.24 23:16:05.479,2.45675,2.4573,7.20,2.80
2007.06.24 23:16:08.788,2.4568,2.4573,7.20,2.80
2007.06.24 23:16:10.114,2.45685,2.4573,4.00,2.80
2007.06.24 23:16:10.125,2.4569,2.4573,3.20,2.80
2007.06.24 23:16:10.929,2.4568,2.4573,12.00,2.80
2007.06.24 23:16:15.296,2.4568,2.4573,8.80,2.80
2007.06.24 23:16:15.680,2.4568,2.4573,8.80,0.50
2007.06.24 23:16:17.730,2.45685,2.4574,4.00,7.60
2007.06.24 23:16:18.308,2.45685,2.4572,4.00,0.80
2007.06.24 23:16:19.001,2.4568,2.4573,8.00,2.80
2007.06.24 23:16:19.075,2.4568,2.4572,4.00,0.50
2007.06.24 23:16:25.313,2.4568,2.4573,4.00,0.80
2007.06.24 23:16:25.725,2.4568,2.4573,4.00,2.80
2007.06.24 23:16:28.438,2.4567,2.4573,0.80,7.60
2007.06.24 23:16:28.745,2.45665,2.4572,4.00,0.60
2007.06.24 23:16:29.611,2.4567,2.4572,0.80,0.50
2007.06.24 23:16:29.720,2.4568,2.4573,4.00,7.60
2007.06.24 23:16:32.263,2.4568,2.4574,4.00,15.60
2007.06.24 23:16:33.199,2.4568,2.4573,4.00,8.40
2007.06.24 23:16:33.307,2.4567,2.4572,4.00,0.80
2007.06.24 23:16:37.841,2.4568,2.4573,4.00,2.40
2007.06.24 23:16:37.931,2.4568,2.4572,4.80,0.80
2007.06.24 23:16:38.224,2.4568,2.4574,4.80,7.60
2007.06.24 23:16:38.235,2.4568,2.4573,4.80,0.50
2007.06.24 23:16:38.353,2.4568,2.4574,0.80,11.60
2007.06.24 23:16:38.443,2.4567,2.4574,4.80,15.60
2007.06.24 23:16:38.736,2.4567,2.4573,4.00,8.40
2007.06.24 23:16:40.665,2.4568,2.4572,0.80,0.80
2007.06.24 23:16:40.782,2.4568,2.4573,0.80,0.90
2007.06.24 23:16:42.126,2.4567,2.4571,4.00,0.80
2007.06.24 23:16:43.935,2.4567,2.4571,4.80,0.80
2007.06.24 23:16:43.939,2.4567,2.45735,8.80,4.80
2007.06.24 23:16:47.787,2.45675,2.4574,4.00,14.80
2007.06.24 23:16:47.827,2.45675,2.4574,4.00,11.60
2007.06.24 23:16:47.991,2.45675,2.4571,4.00,0.80
2007.06.24 23:16:48.692,2.45675,2.4573,4.00,8.80
2007.06.24 23:16:48.908,2.45675,2.4573,4.00,4.80
2007.06.24 23:16:54.336,2.4568,2.4573,0.80,4.80
2007.06.24 23:16:54.382,2.4568,2.4573,4.80,4.80
2007.06.24 23:16:54.687,2.4568,2.4574,4.80,2.00
2007.06.24 23:16:54.776,2.4569,2.4574,4.00,2.00
2007.06.24 23:16:57.184,2.4569,2.4574,4.00,6.00
2007.06.24 23:16:57.731,2.4568,2.4574,4.00,6.00
2007.06.24 23:16:57.871,2.4568,2.4574,4.00,0.80
2007.06.24 23:16:59.238,2.45685,2.4574,4.00,0.60
2007.06.24 23:17:00.321,2.4569,2.4575,4.00,6.40
2007.06.24 23:17:02.296,2.4569,2.4574,4.00,0.60
2007.06.24 23:17:02.676,2.4569,2.4574,4.80,0.80
2007.06.24 23:17:03.247,2.4569,2.4575,4.80,9.20
2007.06.24 23:17:03.554,2.4569,2.4576,4.80,12.00
2007.06.24 23:17:04.816,2.4569,2.4576,4.80,16.80
2007.06.24 23:17:05.481,2.4569,2.4576,5.60,13.60
2007.06.24 23:17:05.582,2.45695,2.4576,4.00,13.60
2007.06.24 23:17:05.694,2.45695,2.4574,4.00,0.90
2007.06.24 23:17:06.092,2.4569,2.4575,8.80,7.20
2007.06.24 23:17:06.682,2.4569,2.4575,12.00,2.50
2007.06.24 23:17:08.721,2.457,2.4574,0.80,0.60
2007.06.24 23:17:08.914,2.457,2.4575,4.80,2.50
2007.06.24 23:17:09.151,2.457,2.4574,8.80,0.70
2007.06.24 23:17:09.328,2.457,2.4575,8.80,0.80
2007.06.24 23:17:19.300,2.457,2.4575,8.00,0.80
2007.06.24 23:17:19.411,2.457,2.4575,4.00,0.70
2007.06.24 23:17:19.487,2.4569,2.45755,9.60,6.40
2007.06.24 23:17:39.269,2.457,2.4575,0.80,2.40
2007.06.24 23:17:39.376,2.457,2.4575,4.80,2.40
2007.06.24 23:17:39.487,2.457,2.4575,8.80,2.40
2007.06.24 23:17:39.952,2.457,2.4574,8.80,2.00
2007.06.24 23:17:40.377,2.457,2.4575,8.80,2.40
2007.06.24 23:17:46.985,2.457,2.4575,9.60,0.50
2007.06.24 23:17:47.023,2.45705,2.4575,4.00,0.50
2007.06.24 23:17:59.879,2.45705,2.4574,4.00,0.80
2007.06.24 23:18:00.223,2.45685,2.4574,4.00,0.80
2007.06.24 23:18:00.399,2.4569,2.4575,0.80,10.00
2007.06.24 23:18:00.462,2.45695,2.4575,4.00,6.00
2007.06.24 23:18:00.501,2.457,2.4575,3.20,1.20
2007.06.24 23:18:00.712,2.457,2.4575,3.20,0.50
2007.06.24 23:18:03.391,2.457,2.4575,3.20,1.20
2007.06.24 23:18:03.487,2.457,2.4575,3.20,5.20
2007.06.24 23:18:03.501,2.45695,2.4575,4.00,5.20
2007.06.24 23:18:03.522,2.4569,2.4575,8.80,5.20
2007.06.24 23:18:30.514,2.4569,2.4575,5.60,5.20
2007.06.24 23:18:33.458,2.4569,2.4575,8.80,5.20
2007.06.24 23:18:33.498,2.457,2.4575,4.00,5.20
2007.06.24 23:18:38.902,2.457,2.4575,8.00,0.50
2007.06.24 23:18:40.208,2.457,2.4575,0.90,0.50
2007.06.24 23:19:00.342,2.457,2.4575,8.80,0.50
2007.06.24 23:19:02.026,2.45705,2.4575,4.00,0.50
2007.06.24 23:19:02.148,2.4571,2.4575,0.80,0.50
2007.06.24 23:19:15.393,2.4571,2.4575,3.20,0.50
2007.06.24 23:20:17.272,2.4571,2.4575,4.00,0.50
2007.06.24 23:20:17.372,2.4571,2.4575,8.00,0.50
2007.06.24 23:20:17.386,2.4571,2.4575,12.00,0.50
2007.06.24 23:20:17.561,2.4571,2.4575,8.80,0.50
2007.06.24 23:20:40.757,2.45715,2.4578,4.00,12.00
2007.06.24 23:20:40.830,2.4572,2.4578,4.00,12.00
2007.06.24 23:20:40.895,2.4572,2.4578,4.00,8.00
2007.06.24 23:20:41.101,2.4572,2.4578,7.20,8.00
2007.06.24 23:20:48.344,2.4572,2.4578,4.00,8.80
2007.06.24 23:20:48.397,2.4572,2.4575,4.00,0.50
2007.06.24 23:20:48.436,2.4571,2.4575,12.00,0.50
2007.06.24 23:20:52.832,2.4571,2.4575,8.00,0.50
2007.06.24 23:20:53.191,2.4571,2.4575,4.00,0.50
2007.06.24 23:20:53.205,2.457,2.4575,11.20,0.50
2007.06.24 23:20:56.680,2.4571,2.4575,3.20,0.50
2007.06.24 23:20:56.742,2.4571,2.4575,7.20,0.50
2007.06.24 23:20:57.307,2.4571,2.4575,4.00,0.50
2007.06.24 23:20:59.806,2.45715,2.4575,4.00,0.50
2007.06.24 23:21:13.277,2.4571,2.4575,4.80,0.50
2007.06.24 23:21:13.907,2.4571,2.4575,8.00,0.50
2007.06.24 23:21:19.856,2.45715,2.4575,4.00,0.50
2007.06.24 23:21:19.890,2.4572,2.4575,3.20,0.50
2007.06.24 23:21:23.220,2.4573,2.4578,0.80,4.80
2007.06.24 23:21:23.448,2.45735,2.4578,4.00,0.80
2007.06.24 23:21:23.464,2.45735,2.4579,4.00,4.00
2007.06.24 23:21:26.941,2.45735,2.4579,4.00,8.80
2007.06.24 23:21:27.015,2.4572,2.45785,8.00,4.00
2007.06.24 23:21:29.766,2.4572,2.4578,4.00,0.80
2007.06.24 23:21:29.810,2.4571,2.4575,12.80,0.50
2007.06.24 23:21:30.382,2.4571,2.4575,9.60,0.50
2007.06.24 23:21:33.812,2.4571,2.4575,11.80,0.50
2007.06.24 23:21:33.864,2.4571,2.4575,15.00,0.50
2007.06.24 23:21:37.189,2.4572,2.4578,4.00,4.00
2007.06.24 23:21:37.296,2.4572,2.45785,4.80,4.00
2007.06.24 23:21:41.299,2.4572,2.4575,4.80,0.50
2007.06.24 23:21:41.554,2.4572,2.4575,0.80,0.50
2007.06.24 23:21:41.563,2.45715,2.4575,4.00,0.50
2007.06.24 23:21:42.222,2.4572,2.4575,0.80,0.50
2007.06.24 23:21:42.280,2.45725,2.4575,4.00,0.50
2007.06.24 23:21:45.323,2.4573,2.4575,4.00,0.50
2007.06.24 23:21:45.460,2.4573,2.4575,4.80,0.50
2007.06.24 23:21:45.506,2.4573,2.4579,4.80,8.00
2007.06.24 23:21:45.958,2.4573,2.4579,8.00,8.00
2007.06.24 23:21:51.340,2.4573,2.4579,4.00,8.80
2007.06.24 23:21:51.404,2.4572,2.45785,8.00,4.00
2007.06.24 23:22:02.031,2.4572,2.45785,12.80,4.00
2007.06.24 23:22:02.082,2.45725,2.4579,4.00,8.80
2007.06.24 23:22:02.422,2.4573,2.4579,3.20,8.00
2007.06.24 23:22:05.386,2.4573,2.45785,3.20,4.00
2007.06.24 23:22:05.409,2.4573,2.4575,3.20,0.50
2007.06.24 23:22:05.493,2.4572,2.4575,14.20,0.50
2007.06.24 23:22:05.506,2.4572,2.4575,10.20,0.50
2007.06.24 23:22:13.309,2.4573,2.4575,4.00,0.50
2007.06.24 23:22:20.727,2.4572,2.4575,8.00,0.50
2007.06.24 23:22:26.990,2.4573,2.4575,4.00,0.50
2007.06.24 23:22:27.060,2.457,2.4575,0.80,0.50
2007.06.24 23:22:27.589,2.4573,2.4575,4.80,0.50
2007.06.24 23:22:40.407,2.4573,2.4575,4.00,0.50
2007.06.24 23:22:40.462,2.4572,2.4575,4.80,0.50
2007.06.24 23:23:43.409,2.4572,2.4575,4.00,0.50
2007.06.24 23:23:43.455,2.4571,2.4575,4.80,0.50
2007.06.24 23:23:46.377,2.4572,2.4575,0.80,0.50
2007.06.24 23:23:46.525,2.4572,2.4575,4.80,0.50
2007.06.24 23:23:51.579,2.4573,2.4575,0.80,0.50
2007.06.24 23:23:51.591,2.4573,2.4575,4.80,0.50
2007.06.24 23:23:51.759,2.4573,2.4575,4.80,0.50
2007.06.24 23:24:02.260,2.4573,2.4577,0.80,1.30
2007.06.24 23:24:02.355,2.4572,2.4577,4.80,1.30
2007.06.24 23:24:05.729,2.4573,2.4575,0.80,0.50
2007.06.24 23:24:05.838,2.4573,2.4575,4.80,0.50
2007.06.24 23:24:10.896,2.4573,2.4577,4.00,1.30
2007.06.24 23:24:10.916,2.4572,2.4577,4.80,1.30
2007.06.24 23:25:07.560,2.45717,2.45752,2.40,0.80
2007.06.24 23:25:08.196,2.45713,2.45743,2.00,0.80
2007.06.24 23:25:08.294,2.45698,2.45738,2.40,0.80
2007.06.24 23:25:22.762,2.45689,2.45729,5.20,0.80
2007.06.24 23:25:29.685,2.45683,2.45723,3.20,0.80
2007.06.24 23:25:29.793,2.45682,2.45712,5.20,0.80
2007.06.24 23:25:29.817,2.45677,2.45717,2.40,0.80
2007.06.24 23:25:30.150,2.45682,2.45722,3.20,0.80
2007.06.24 23:25:41.342,2.45689,2.45724,6.00,0.80
2007.06.24 23:25:52.020,2.4569,2.4573,5.20,0.80
2007.06.24 23:25:54.752,2.45697,2.45732,2.00,0.80
2007.06.24 23:25:58.740,2.45702,2.45732,5.20,0.80
2007.06.24 23:26:48.142,2.4572,2.4575,4.00,0.50
2007.06.24 23:26:48.165,2.4571,2.4575,5.60,0.50
2007.06.24 23:26:57.213,2.4572,2.4575,0.80,0.50
2007.06.24 23:26:57.315,2.4572,2.4575,4.80,0.50
2007.06.24 23:27:04.942,2.4571,2.4575,5.60,0.50
2007.06.24 23:27:05.967,2.4571,2.4575,1.60,0.50
2007.06.24 23:27:06.476,2.4571,2.4575,0.80,0.50
2007.06.24 23:27:12.787,2.4572,2.4575,0.80,0.50
2007.06.24 23:27:12.815,2.45725,2.4575,4.00,0.50
2007.06.24 23:27:15.373,2.4572,2.4575,0.80,0.50
2007.06.24 23:27:15.445,2.45715,2.4575,4.00,0.50
2007.06.24 23:27:21.973,2.4571,2.4575,0.80,0.50
2007.06.24 23:27:22.762,2.4571,2.4575,4.00,0.50
2007.06.24 23:27:45.258,2.4571,2.4575,0.80,0.50
2007.06.24 23:28:12.154,2.4571,2.4575,4.80,0.50
2007.06.24 23:28:36.638,2.4571,2.4575,4.00,0.50
2007.06.24 23:28:36.747,2.457,2.4575,4.00,0.50
2007.06.24 23:28:37.325,2.457,2.4575,0.80,0.50
2007.06.24 23:28:42.690,2.45695,2.4575,4.00,1.20
2007.06.24 23:28:55.625,2.457,2.4575,0.80,0.50
2007.06.24 23:28:55.754,2.457,2.4575,4.80,0.50
2007.06.24 23:28:55.772,2.457,2.4575,8.00,0.50
2007.06.24 23:28:56.117,2.457,2.4575,4.80,0.50
2007.06.24 23:29:02.583,2.4571,2.4575,0.80,0.50
2007.06.24 23:29:10.059,2.45705,2.4575,4.00,0.50
2007.06.24 23:29:10.233,2.457,2.4575,12.80,0.50
2007.06.24 23:29:10.265,2.457,2.4575,8.80,0.50
2007.06.24 23:29:10.305,2.457,2.4575,4.80,0.50
2007.06.24 23:29:36.880,2.457,2.4575,0.80,0.50
2007.06.24 23:29:38.949,2.457,2.4575,4.80,0.50
2007.06.24 23:29:49.238,2.457,2.4575,4.00,1.20
2007.06.24 23:29:49.354,2.45695,2.4575,4.00,1.20
2007.06.24 23:29:54.950,2.4569,2.4575,5.60,5.20
2007.06.24 23:29:54.974,2.4569,2.4575,4.80,6.00
2007.06.24 23:29:55.188,2.4569,2.4575,8.00,6.00
2007.06.24 23:29:56.138,2.4569,2.4575,8.00,0.80
2007.06.24 23:29:58.235,2.4569,2.4576,4.80,8.80
2007.06.24 23:29:58.247,2.4569,2.4575,4.80,6.00
2007.06.24 23:30:10.219,2.45695,2.4575,4.00,0.60
2007.06.24 23:30:10.347,2.45695,2.4575,4.00,0.70
2007.06.24 23:30:28.131,2.457,2.4575,0.80,1.20
2007.06.24 23:30:28.238,2.457,2.4575,0.80,0.50
2007.06.24 23:30:29.165,2.45695,2.4575,4.00,1.20
2007.06.24 23:30:29.294,2.4569,2.4575,4.80,6.00
2007.06.24 23:30:35.120,2.4569,2.4574,4.80,4.00
2007.06.24 23:30:38.424,2.4569,2.4575,4.80,6.00
2007.06.24 23:30:55.847,2.457,2.4575,0.80,6.00
2007.06.24 23:30:55.941,2.457,2.4575,4.80,5.20
2007.06.24 23:30:56.476,2.457,2.4575,4.80,1.20
2007.06.24 23:30:56.502,2.457,2.4575,4.80,0.50
2007.06.24 23:31:01.204,2.457,2.4575,6.40,0.50
2007.06.24 23:31:31.176,2.457,2.4575,6.40,1.20
2007.06.24 23:31:31.285,2.457,2.45745,6.40,4.00
2007.06.24 23:31:33.058,2.457,2.4575,6.40,4.40
2007.06.24 23:31:35.009,2.4571,2.4575,3.20,4.40
2007.06.24 23:31:35.109,2.4571,2.4575,3.20,0.50
2007.06.24 23:31:36.475,2.457,2.4575,6.40,0.50
2007.06.24 23:31:45.711,2.457,2.4575,6.40,1.20
2007.06.24 23:31:45.773,2.457,2.45745,6.40,4.00
2007.06.24 23:31:47.030,2.457,2.4575,6.40,5.20
2007.06.24 23:31:47.228,2.457,2.4575,6.40,4.40
2007.06.24 23:32:00.149,2.45681,2.45731,3.20,3.20
2007.06.24 23:32:02.788,2.45673,2.45728,3.20,3.20
2007.06.24 23:32:02.911,2.45664,2.45724,2.40,4.00
2007.06.24 23:32:03.338,2.45662,2.45717,3.20,0.80
2007.06.24 23:32:06.624,2.45665,2.45705,3.20,0.80
2007.06.24 23:32:06.919,2.45653,2.45703,3.20,6.40
2007.06.24 23:32:07.113,2.45647,2.45702,5.60,0.80
2007.06.24 23:32:07.426,2.45652,2.45692,5.60,4.80
2007.06.24 23:32:08.026,2.45644,2.45699,2.40,4.00
2007.06.24 23:32:15.856,2.45647,2.45697,3.20,6.40
2007.06.24 23:32:17.425,2.45652,2.45702,1.50,0.80
2007.06.24 23:32:18.763,2.45659,2.45709,1.50,0.80
2007.06.24 23:32:18.793,2.45666,2.45716,1.40,7.20
2007.06.24 23:32:18.944,2.4567,2.45715,3.20,6.40
2007.06.24 23:32:19.071,2.45658,2.45713,4.00,3.20
2007.06.24 23:32:19.263,2.4565,2.45705,2.40,4.80
2007.06.24 23:32:19.457,2.45645,2.45701,2.40,0.80
2007.06.24 23:32:19.468,2.45652,2.45702,3.20,0.80
2007.06.24 23:32:19.569,2.45653,2.45703,5.60,7.20
2007.06.24 23:32:20.182,2.45654,2.45699,8.80,4.00
2007.06.24 23:32:20.322,2.45654,2.45699,0.50,0.80
2007.06.24 23:32:20.487,2.4566,2.457,4.00,3.20
2007.06.24 23:32:21.338,2.4566,2.4571,2.40,4.00
2007.06.24 23:32:21.411,2.45661,2.45716,3.20,3.20
2007.06.24 23:32:22.118,2.45664,2.45709,3.20,7.20
2007.06.24 23:32:22.250,2.4566,2.457,4.00,3.20
2007.06.24 23:32:22.457,2.45658,2.45698,3.20,0.80
2007.06.24 23:32:23.129,2.45656,2.45706,4.00,3.20
2007.06.24 23:32:23.151,2.45653,2.45718,0.70,4.80
2007.06.24 23:32:23.382,2.45656,2.45721,5.60,4.80
2007.06.24 23:32:23.475,2.45663,2.45718,3.20,7.20
2007.06.24 23:32:24.297,2.45666,2.45716,2.40,0.80
2007.06.24 23:32:24.514,2.45669,2.45709,3.20,3.20
2007.06.24 23:32:24.655,2.45665,2.4571,3.20,0.80
2007.06.24 23:32:24.659,2.45659,2.45714,5.60,0.80
2007.06.24 23:32:24.716,2.45663,2.45713,6.40,4.80
2007.06.24 23:32:24.910,2.45665,2.4572,2.40,0.80
2007.06.24 23:32:38.402,2.4567,2.4572,3.20,3.20
2007.06.24 23:32:49.923,2.45675,2.45715,3.20,0.80
2007.06.24 23:32:51.870,2.45673,2.45713,5.60,7.20
2007.06.24 23:32:51.971,2.45665,2.45705,14.40,4.00
2007.06.24 23:32:55.075,2.45667,2.45687,5.60,4.80
2007.06.24 23:32:55.277,2.45659,2.45689,3.20,3.20
2007.06.24 23:32:55.418,2.4567,2.4569,2.40,4.80
2007.06.24 23:32:55.475,2.45659,2.45709,2.00,7.20
2007.06.24 23:33:07.263,2.457,2.4575,2.40,4.40
2007.06.24 23:33:22.236,2.457,2.4575,2.40,8.40
2007.06.24 23:33:22.343,2.457,2.45745,2.40,4.00
2007.06.24 23:33:23.858,2.457,2.4574,2.40,0.80
2007.06.24 23:33:23.875,2.457,2.4574,2.40,4.80
2007.06.24 23:33:25.116,2.457,2.4574,2.40,0.80
2007.06.24 23:33:25.172,2.457,2.45745,2.40,4.00
2007.06.24 23:33:26.387,2.457,2.4574,2.40,4.00
2007.06.24 23:33:27.916,2.457,2.45735,2.40,4.00
2007.06.24 23:33:28.687,2.45675,2.45735,4.00,4.00
2007.06.24 23:33:28.880,2.4568,2.45735,4.00,4.00
2007.06.24 23:33:29.464,2.4568,2.4573,4.00,4.00
2007.06.24 23:33:38.341,2.45705,2.4574,4.00,4.00
2007.06.24 23:33:38.508,2.45705,2.4575,4.00,0.50
2007.06.24 23:33:47.277,2.457,2.4575,4.00,0.50
2007.06.24 23:33:47.388,2.457,2.4575,3.20,0.50
2007.06.24 23:33:48.984,2.4571,2.4575,4.00,0.50
2007.06.24 23:33:49.032,2.4568,2.4575,4.00,0.50
2007.06.24 23:33:49.545,2.4571,2.4575,4.00,0.50
2007.06.24 23:33:49.601,2.4571,2.4575,3.20,0.50
2007.06.24 23:33:50.318,2.45715,2.4575,4.00,0.50
2007.06.24 23:33:50.422,2.4572,2.4575,3.20,0.50
2007.06.24 23:33:52.477,2.457,2.4575,3.20,0.50
2007.06.24 23:33:52.735,2.457,2.4574,3.20,4.00
2007.06.24 23:33:53.284,2.45695,2.4574,4.00,4.80
2007.06.24 23:33:53.357,2.4568,2.4574,4.00,8.80
2007.06.24 23:33:55.303,2.4568,2.4574,4.00,4.80
2007.06.24 23:33:55.906,2.45685,2.4574,4.00,0.80
2007.06.24 23:33:55.913,2.45685,2.45745,4.00,4.00
2007.06.24 23:34:01.099,2.4569,2.45745,4.00,4.00
2007.06.24 23:34:01.277,2.4569,2.4575,8.00,0.50
2007.06.24 23:34:02.315,2.4569,2.45745,4.00,4.00
2007.06.24 23:34:02.350,2.45685,2.45745,4.00,4.00
2007.06.24 23:34:05.763,2.45685,2.4574,4.00,4.00
2007.06.24 23:34:06.149,2.4568,2.4574,8.00,8.00
2007.06.24 23:34:06.191,2.4568,2.4574,7.20,8.80
2007.06.24 23:34:07.367,2.45675,2.4574,11.20,8.80
2007.06.24 23:34:11.716,2.4568,2.4573,3.70,4.00
2007.06.24 23:34:11.832,2.4567,2.4573,7.20,4.00
2007.06.24 23:34:29.687,2.4568,2.4573,1.20,4.00
2007.06.24 23:34:29.790,2.457,2.4573,0.50,4.00
2007.06.24 23:34:30.598,2.457,2.4573,1.00,4.00
2007.06.24 23:34:31.031,2.457,2.45735,0.60,4.00
2007.06.24 23:34:34.834,2.457,2.4574,1.90,0.80
2007.06.24 23:34:35.124,2.457,2.45745,1.50,4.00
2007.06.24 23:34:51.634,2.457,2.4575,6.40,8.40
2007.06.24 23:34:51.704,2.457,2.4575,6.40,5.20
2007.06.24 23:34:55.188,2.457,2.4575,6.40,1.20
2007.06.24 23:34:55.249,2.457,2.4575,6.40,0.50
2007.06.24 23:34:58.737,2.457,2.4575,4.00,0.50
2007.06.24 23:35:14.709,2.457,2.4575,4.00,2.40
2007.06.24 23:35:15.046,2.457,2.4575,4.00,7.20
2007.06.24 23:35:23.769,2.4569,2.4575,3.20,7.20
2007.06.24 23:35:24.028,2.4569,2.4575,4.00,6.40
2007.06.24 23:35:24.198,2.4569,2.4575,8.00,2.40
2007.06.24 23:35:24.687,2.457,2.4575,4.00,2.40
2007.06.24 23:35:24.935,2.457,2.4575,4.00,6.40
2007.06.24 23:35:25.024,2.457,2.4575,4.00,7.20
2007.06.24 23:35:26.208,2.457,2.4575,4.00,5.20
2007.06.24 23:35:26.467,2.457,2.4575,4.00,1.20
2007.06.24 23:35:26.514,2.457,2.4575,4.00,0.50
2007.06.24 23:35:29.169,2.457,2.4575,4.00,2.40
2007.06.24 23:35:29.369,2.457,2.4575,4.00,3.20
2007.06.24 23:35:29.517,2.457,2.4575,4.00,7.20
2007.06.24 23:35:29.892,2.457,2.4575,4.00,6.40
2007.06.24 23:35:30.037,2.457,2.4575,4.00,2.40
2007.06.24 23:35:30.846,2.457,2.4575,6.20,2.40
2007.06.24 23:35:33.704,2.457,2.4575,4.00,2.40
2007.06.24 23:35:33.833,2.457,2.4575,4.00,6.40
2007.06.24 23:35:33.948,2.457,2.4575,4.00,7.20
2007.06.24 23:35:45.245,2.457,2.4574,4.00,2.00
2007.06.24 23:35:45.452,2.457,2.4574,4.00,2.80
2007.06.24 23:35:45.604,2.457,2.4574,4.00,6.80
2007.06.24 23:35:45.881,2.457,2.4575,4.00,7.30
2007.06.24 23:35:49.334,2.4568,2.4574,4.00,0.80
2007.06.24 23:35:49.354,2.4568,2.45725,4.00,0.80
2007.06.24 23:35:51.124,2.4568,2.4574,4.00,8.80
2007.06.24 23:36:04.072,2.4568,2.4575,8.00,8.40
2007.06.24 23:36:05.122,2.4568,2.4574,8.00,0.70
2007.06.24 23:36:05.176,2.4568,2.4574,4.00,8.00
2007.06.24 23:36:05.413,2.4567,2.4574,4.00,8.00
2007.06.24 23:36:06.381,2.457,2.4574,4.00,0.90
2007.06.24 23:36:06.537,2.457,2.4575,4.00,8.40
2007.06.24 23:36:07.918,2.457,2.4574,4.00,0.80
2007.06.24 23:36:07.984,2.457,2.4576,4.00,12.40
2007.06.24 23:36:10.229,2.457,2.4575,4.00,5.20
2007.06.24 23:36:10.402,2.4567,2.4574,4.80,8.00
2007.06.24 23:36:11.614,2.4567,2.45735,4.00,0.60
2007.06.24 23:36:11.729,2.45665,2.4574,4.00,12.00
2007.06.24 23:36:15.338,2.4567,2.4573,3.20,4.00
2007.06.24 23:36:17.910,2.4568,2.4573,4.00,4.00
2007.06.24 23:36:31.043,2.4568,2.4573,4.00,4.80
2007.06.24 23:36:31.063,2.4568,2.45725,4.00,4.00
2007.06.24 23:37:02.589,2.4568,2.45735,4.00,4.00
2007.06.24 23:37:03.197,2.4568,2.45735,6.20,4.00
2007.06.24 23:37:07.731,2.4568,2.45735,4.00,4.00
2007.06.24 23:37:08.225,2.4568,2.4573,4.00,4.00
2007.06.24 23:37:09.210,2.4568,2.45725,4.00,4.00
2007.06.24 23:37:10.503,2.4568,2.4573,4.00,8.00
2007.06.24 23:37:10.519,2.4568,2.4573,4.00,4.00
2007.06.24 23:37:18.984,2.4568,2.4573,4.00,4.80
2007.06.24 23:37:19.138,2.4568,2.45725,4.00,4.00
2007.06.24 23:37:21.693,2.4568,2.4573,4.00,4.80
2007.06.24 23:37:21.804,2.4568,2.4573,4.00,4.00
2007.06.24 23:37:34.900,2.4568,2.45725,4.00,4.00
2007.06.24 23:37:36.200,2.4568,2.4573,4.00,8.00
2007.06.24 23:37:36.328,2.4568,2.4573,4.00,4.00
2007.06.24 23:37:40.168,2.4568,2.4573,4.00,8.00
2007.06.24 23:37:40.262,2.4568,2.45725,4.00,4.00
2007.06.24 23:38:33.384,2.4568,2.4573,4.00,8.00
2007.06.24 23:38:33.503,2.4568,2.4573,4.00,4.00
2007.06.24 23:38:34.628,2.4568,2.4573,7.20,4.00
2007.06.24 23:38:34.654,2.4568,2.4574,7.20,8.80
2007.06.24 23:38:40.253,2.4568,2.4573,7.20,4.00
2007.06.24 23:38:40.323,2.4568,2.4573,4.00,4.00
2007.06.24 23:38:41.219,2.4568,2.4573,4.00,4.80
2007.06.24 23:38:41.268,2.4568,2.45725,4.00,4.00
2007.06.24 23:38:44.555,2.4568,2.4573,4.00,4.00
2007.06.24 23:38:46.604,2.4568,2.45725,4.00,4.00
2007.06.24 23:38:48.853,2.4568,2.45725,7.20,4.00
2007.06.24 23:38:48.964,2.4568,2.4574,11.20,8.00
2007.06.24 23:38:49.657,2.4568,2.4574,8.00,8.00
2007.06.24 23:38:51.010,2.4568,2.4574,8.00,12.00
2007.06.24 23:38:51.193,2.4568,2.4573,4.00,4.00
2007.06.24 23:39:00.971,2.4568,2.45725,4.00,4.00
2007.06.24 23:39:06.694,2.4565,2.4573,4.00,4.00
2007.06.24 23:39:06.855,2.4568,2.4574,8.00,8.00
2007.06.24 23:39:08.698,2.4568,2.4574,8.00,12.00
2007.06.24 23:39:08.725,2.4568,2.4573,4.00,4.00
2007.06.24 23:39:14.820,2.4568,2.4573,4.00,8.00
2007.06.24 23:39:15.112,2.4568,2.45725,4.00,4.00
2007.06.24 23:39:17.397,2.4568,2.4574,8.00,8.00
2007.06.24 23:39:17.875,2.4568,2.4574,4.00,12.00
2007.06.24 23:39:18.387,2.4568,2.4574,8.00,8.00
2007.06.24 23:39:21.642,2.4565,2.4573,4.00,4.00
2007.06.24 23:39:21.737,2.4568,2.45725,4.00,4.00
2007.06.24 23:39:23.723,2.4566,2.45725,8.00,4.00
2007.06.24 23:39:41.296,2.4567,2.4573,4.00,8.00
2007.06.24 23:39:41.361,2.4567,2.4573,4.00,4.00
2007.06.24 23:39:42.285,2.4568,2.4573,4.00,4.00
2007.06.24 23:40:12.241,2.4568,2.4573,4.00,8.00
2007.06.24 23:40:12.290,2.4568,2.45725,4.00,4.00
2007.06.24 23:40:13.812,2.4568,2.4573,4.00,4.00
2007.06.24 23:40:15.433,2.45665,2.4573,4.00,4.00
2007.06.24 23:40:15.739,2.45665,2.4572,4.00,4.00
2007.06.24 23:40:15.847,2.45665,2.4573,4.00,4.00
2007.06.24 23:40:16.902,2.45665,2.4573,4.00,8.00
2007.06.24 23:40:17.095,2.4566,2.45725,4.00,4.00
2007.06.24 23:40:17.535,2.4566,2.45725,8.00,4.00
2007.06.24 23:40:17.608,2.45665,2.4573,4.00,4.00
2007.06.24 23:40:17.792,2.45665,2.4572,4.00,4.00
2007.06.24 23:40:17.885,2.4566,2.4572,8.00,4.00
2007.06.24 23:40:17.952,2.4566,2.4572,4.00,4.00
2007.06.24 23:40:18.334,2.4566,2.45725,4.00,4.00
2007.06.24 23:40:18.449,2.4566,2.45725,4.80,4.00
2007.06.24 23:40:18.882,2.45665,2.4573,4.00,4.80
2007.06.24 23:40:18.938,2.45665,2.4573,4.00,4.00
2007.06.24 23:40:22.996,2.4566,2.45725,8.00,4.00
2007.06.24 23:40:23.021,2.4566,2.45725,4.00,4.00
2007.06.24 23:40:29.238,2.4567,2.45725,4.00,4.00
2007.06.24 23:40:29.325,2.4568,2.4574,4.00,8.00
2007.06.24 23:40:30.313,2.4568,2.4574,8.00,8.00
2007.06.24 23:40:31.893,2.4568,2.45725,4.00,4.00
2007.06.24 23:40:33.394,2.4568,2.4573,4.00,4.00
2007.06.24 23:40:36.252,2.4568,2.45725,4.00,4.00
2007.06.24 23:40:38.825,2.4566,2.45725,8.00,4.00
2007.06.24 23:41:03.142,2.45665,2.4573,4.00,8.00
2007.06.24 23:41:03.174,2.45665,2.4573,4.00,4.80
2007.06.24 23:41:03.565,2.4567,2.4573,3.20,4.80
2007.06.24 23:41:12.036,2.4567,2.45725,3.20,4.00
2007.06.24 23:41:12.120,2.4566,2.45725,11.20,4.00
2007.06.24 23:41:12.273,2.4566,2.45725,7.20,4.00
2007.06.24 23:41:26.250,2.4566,2.4571,3.20,4.00
2007.06.24 23:41:26.261,2.4565,2.4571,7.20,4.00
2007.06.24 23:41:26.504,2.4565,2.4571,3.20,4.00
2007.06.24 23:41:26.596,2.4565,2.4571,3.20,8.00
2007.06.24 23:41:26.762,2.4564,2.45705,12.00,4.00
2007.06.24 23:41:27.212,2.4564,2.457,8.00,4.00
2007.06.24 23:41:27.277,2.45635,2.457,4.00,8.80
2007.06.24 23:41:30.113,2.4564,2.457,4.00,4.80
2007.06.24 23:41:30.195,2.4564,2.457,8.00,0.80
2007.06.24 23:41:30.251,2.4564,2.45705,12.00,4.00
2007.06.24 23:41:45.397,2.4564,2.45705,8.80,4.00
2007.06.24 23:41:46.073,2.4564,2.457,4.80,4.00
2007.06.24 23:41:46.315,2.4564,2.457,4.00,4.80
2007.06.24 23:41:52.162,2.45645,2.457,4.00,0.80
2007.06.24 23:41:52.296,2.45645,2.4571,4.00,8.00
2007.06.24 23:41:52.302,2.4565,2.4571,4.00,4.00
2007.06.24 23:41:54.496,2.4565,2.4571,4.00,8.00
2007.06.24 23:41:54.712,2.4564,2.457,4.00,8.00
2007.06.24 23:41:54.795,2.45635,2.457,4.00,8.80
2007.06.24 23:42:05.621,2.4564,2.457,4.00,4.80
2007.06.24 23:42:05.773,2.4564,2.457,4.80,4.00
2007.06.24 23:42:05.784,2.4564,2.45705,8.80,4.00
2007.06.24 23:42:08.331,2.4564,2.4569,4.80,4.00
2007.06.24 23:42:09.790,2.4564,2.45705,8.80,4.00
2007.06.24 23:42:13.161,2.4564,2.4569,4.80,4.00
2007.06.24 23:42:13.380,2.4564,2.45705,8.80,4.00
2007.06.24 23:42:14.383,2.4564,2.4569,4.80,4.00
2007.06.24 23:42:15.734,2.4564,2.4569,4.80,8.00
2007.06.24 23:42:15.836,2.4564,2.4567,4.80,4.00
2007.06.24 23:42:16.030,2.4564,2.4567,0.80,4.00
2007.06.24 23:42:16.045,2.4563,2.4567,4.80,4.00
2007.06.24 23:42:16.339,2.4564,2.45695,4.00,4.00
2007.06.24 23:42:16.449,2.4564,2.45695,4.80,4.00
2007.06.24 23:42:16.539,2.4564,2.457,8.80,2.00
2007.06.24 23:42:16.787,2.4564,2.45695,4.80,4.00
2007.06.24 23:42:16.916,2.4564,2.45695,4.00,4.00
2007.06.24 23:42:25.004,2.4564,2.45695,4.80,4.00
2007.06.24 23:42:25.362,2.4564,2.4569,0.80,4.00
2007.06.24 23:42:25.431,2.4564,2.4569,4.80,4.00
2007.06.24 23:42:26.699,2.4564,2.4569,4.80,6.40
2007.06.24 23:42:26.955,2.4564,2.4569,0.80,6.40
2007.06.24 23:42:27.066,2.4563,2.4569,4.80,6.40
2007.06.24 23:42:27.228,2.4563,2.45685,0.80,4.00
2007.06.24 23:42:27.336,2.45625,2.45685,4.00,4.00
2007.06.24 23:42:38.187,2.45625,2.4567,4.00,2.40
2007.06.24 23:42:38.383,2.4562,2.4567,4.00,2.40
2007.06.24 23:42:40.681,2.4562,2.4567,8.00,2.40
2007.06.24 23:42:40.763,2.4562,2.45685,8.80,4.00
2007.06.24 23:42:43.824,2.4562,2.4567,4.80,4.00
2007.06.24 23:42:59.222,2.4563,2.4567,4.00,4.00
2007.06.24 23:42:59.340,2.4563,2.4569,4.00,18.20
2007.06.24 23:42:59.401,2.4563,2.4569,4.00,14.20
2007.06.24 23:42:59.592,2.4563,2.4569,8.00,14.20
2007.06.24 23:43:00.272,2.4563,2.4569,8.00,12.00
2007.06.24 23:43:18.763,2.4563,2.45685,4.00,4.00
2007.06.24 23:43:18.838,2.4563,2.4567,4.00,4.00
2007.06.24 23:43:18.885,2.4562,2.4567,10.00,4.00
2007.06.24 23:43:19.191,2.4562,2.4567,6.80,4.00
2007.06.24 23:43:29.709,2.4562,2.4567,4.80,4.00
2007.06.24 23:43:29.912,2.4562,2.4567,4.00,4.00
2007.06.24 23:43:29.939,2.45615,2.4567,4.00,4.00
2007.06.24 23:43:37.190,2.45615,2.4567,4.00,8.00
2007.06.24 23:43:37.308,2.4561,2.4567,6.00,12.00
2007.06.24 23:43:37.379,2.4561,2.4567,2.00,12.80
2007.06.24 23:43:37.393,2.4561,2.4566,2.00,4.00
2007.06.24 23:43:37.774,2.4562,2.4566,2.00,4.00
2007.06.24 23:43:38.297,2.4561,2.4566,4.00,4.00
2007.06.24 23:43:39.360,2.45615,2.4566,4.00,4.00
2007.06.24 23:43:40.357,2.4558,2.4566,6.00,4.00
2007.06.24 23:43:40.428,2.4561,2.4566,4.80,4.00
2007.06.24 23:43:42.383,2.4561,2.4566,4.00,4.00
2007.06.24 23:43:42.412,2.45605,2.4566,4.00,4.00
2007.06.24 23:43:43.181,2.456,2.4566,0.80,8.00
2007.06.24 23:43:43.187,2.45595,2.4566,4.00,8.80
2007.06.24 23:43:46.216,2.45595,2.4565,4.00,4.00
2007.06.24 23:43:46.430,2.45595,2.4564,4.00,4.00
2007.06.24 23:43:46.976,2.456,2.4564,4.80,4.00
2007.06.24 23:43:47.479,2.45605,2.4564,4.00,4.00
2007.06.24 23:43:47.556,2.45605,2.4565,4.00,4.00
2007.06.24 23:43:51.143,2.456,2.4565,4.80,4.00
2007.06.24 23:43:51.537,2.456,2.4565,0.80,4.00
2007.06.24 23:43:51.599,2.4559,2.4565,4.80,4.00
2007.06.24 23:43:54.725,2.456,2.4565,2.00,4.00
2007.06.24 23:43:55.421,2.456,2.4565,2.80,4.00
2007.06.24 23:43:55.614,2.45605,2.4565,4.00,4.00
2007.06.24 23:44:01.970,2.456,2.4565,4.00,4.00
2007.06.24 23:44:02.057,2.4559,2.4565,8.00,4.00
2007.06.24 23:44:02.794,2.4556,2.4564,16.90,4.00
2007.06.24 23:44:02.904,2.4559,2.4565,8.00,4.00
2007.06.24 23:44:03.213,2.4559,2.4563,8.00,4.00
2007.06.24 23:44:03.311,2.4556,2.4563,14.70,4.00
2007.06.24 23:44:03.481,2.4559,2.4563,7.20,4.00
2007.06.24 23:44:03.498,2.4559,2.4563,3.20,4.00
2007.06.24 23:44:03.715,2.4559,2.4564,3.20,4.00
2007.06.24 23:44:03.820,2.4559,2.4565,3.20,4.80
2007.06.24 23:44:03.901,2.4559,2.4565,4.00,4.00
2007.06.24 23:44:03.999,2.4559,2.45655,8.00,4.00
2007.06.24 23:44:04.237,2.4559,2.4565,8.00,4.00
2007.06.24 23:44:04.758,2.4556,2.4562,13.10,4.00
2007.06.24 23:44:04.916,2.4559,2.4562,7.20,4.00
2007.06.24 23:44:05.033,2.4559,2.4562,3.20,4.00
2007.06.24 23:44:05.272,2.4559,2.4565,3.20,4.80
2007.06.24 23:44:05.369,2.4559,2.4564,3.20,4.00
2007.06.24 23:44:05.465,2.4559,2.4565,3.20,4.80
2007.06.24 23:44:05.520,2.4559,2.4565,7.20,0.80
2007.06.24 23:44:05.679,2.4559,2.4565,7.20,4.80
2007.06.24 23:44:05.906,2.4559,2.4565,8.00,4.00
2007.06.24 23:44:10.176,2.4559,2.45655,8.00,4.00
2007.06.24 23:44:15.270,2.4559,2.45655,4.80,4.00
2007.06.24 23:44:20.744,2.4559,2.4565,4.80,4.00
2007.06.24 23:44:20.878,2.4559,2.4565,4.00,4.80
2007.06.24 23:44:21.009,2.4558,2.4565,12.00,4.80
2007.06.24 23:44:21.029,2.45585,2.4565,1.40,8.80
2007.06.24 23:44:21.262,2.4558,2.4564,8.00,4.00
2007.06.24 23:44:22.169,2.45585,2.4563,2.20,4.00
2007.06.24 23:44:23.192,2.45585,2.4564,1.40,4.00
2007.06.24 23:44:23.394,2.45585,2.4565,2.10,8.80
2007.06.24 23:44:23.466,2.45585,2.4565,4.80,8.00
2007.06.24 23:44:23.552,2.4558,2.4565,12.00,4.00
2007.06.24 23:44:26.399,2.4558,2.45655,12.00,4.00
2007.06.24 23:44:26.496,2.4559,2.45655,8.80,4.00
2007.06.24 23:44:26.617,2.4559,2.4566,8.80,4.80
2007.06.24 23:44:26.709,2.456,2.4566,0.80,4.00
2007.06.24 23:44:46.292,2.4559,2.4565,8.00,4.00
2007.06.24 23:45:10.281,2.456,2.4566,8.00,4.00
2007.06.24 23:45:22.998,2.456,2.4565,8.00,4.00
2007.06.24 23:45:23.102,2.456,2.4565,4.00,4.00
2007.06.24 23:45:23.263,2.4559,2.4565,4.80,4.00
2007.06.24 23:45:23.325,2.4559,2.4565,4.80,0.80
2007.06.24 23:45:29.965,2.4559,2.4566,4.80,8.80
2007.06.24 23:45:30.111,2.4559,2.4566,8.00,8.00
2007.06.24 23:45:30.172,2.456,2.4567,4.00,18.00
2007.06.24 23:45:30.605,2.456,2.4566,8.00,0.50
2007.06.24 23:45:50.695,2.456,2.4566,4.00,8.00
2007.06.24 23:45:53.992,2.4559,2.4565,4.00,4.00
2007.06.24 23:45:56.036,2.4558,2.45645,12.00,4.00
2007.06.24 23:45:56.152,2.4559,2.45645,4.00,4.00
2007.06.24 23:45:56.781,2.4559,2.45645,4.80,4.00
2007.06.24 23:45:56.809,2.45595,2.45655,4.00,4.00
2007.06.24 23:45:58.486,2.4559,2.45655,8.80,4.00
2007.06.24 23:45:59.141,2.45595,2.4565,2.40,4.00
2007.06.24 23:45:59.544,2.4558,2.4565,10.80,8.00
2007.06.24 23:45:59.626,2.4557,2.45645,14.00,4.00
2007.06.24 23:46:00.471,2.4559,2.45645,1.30,4.00
2007.06.24 23:46:00.648,2.4558,2.4565,14.00,4.00
2007.06.24 23:46:02.039,2.4558,2.4565,14.00,4.80
2007.06.24 23:46:02.163,2.4556,2.45645,21.80,4.00
2007.06.24 23:46:06.645,2.4556,2.45645,21.80,4.00
2007.06.24 23:46:08.272,2.4559,2.45645,4.00,4.00
2007.06.24 23:46:08.302,2.456,2.4565,4.00,4.00
2007.06.24 23:46:11.043,2.4558,2.4565,12.00,4.80
2007.06.24 23:46:11.093,2.4558,2.45645,0.60,4.00
2007.06.24 23:46:12.617,2.4558,2.4565,12.00,4.80
2007.06.24 23:46:12.893,2.4558,2.4565,12.00,4.00
2007.06.24 23:46:17.137,2.4558,2.4565,12.00,4.80
2007.06.24 23:46:17.199,2.4558,2.45645,1.70,4.00
2007.06.24 23:46:17.843,2.4558,2.45645,4.80,4.00
2007.06.24 23:46:21.726,2.4556,2.45645,21.80,4.00
2007.06.24 23:46:21.760,2.4559,2.4565,1.30,4.00
2007.06.24 23:46:23.059,2.4557,2.45645,12.00,4.00
2007.06.24 23:46:27.007,2.4558,2.45645,2.20,4.00
2007.06.24 23:46:27.119,2.45585,2.4565,2.20,8.00
2007.06.24 23:46:27.383,2.4558,2.45645,3.50,4.00
2007.06.24 23:46:27.405,2.4557,2.45645,12.00,4.00
2007.06.24 23:46:40.329,2.45585,2.4565,4.00,12.00
2007.06.24 23:46:40.432,2.45585,2.4565,4.00,8.00
2007.06.24 23:46:40.955,2.4559,2.4565,3.20,8.00
2007.06.24 23:46:42.578,2.4559,2.4566,3.20,8.80
2007.06.24 23:46:54.790,2.456,2.4565,4.00,8.00
2007.06.24 23:46:54.806,2.456,2.4565,8.00,4.00
2007.06.24 23:46:54.817,2.456,2.45665,8.00,4.00
2007.06.24 23:46:55.228,2.456,2.4566,4.00,0.80
2007.06.24 23:46:55.333,2.4559,2.4565,3.20,8.00
2007.06.24 23:46:56.762,2.4559,2.4565,7.20,4.00
2007.06.24 23:46:56.931,2.4559,2.4565,8.00,4.00
2007.06.24 23:46:57.074,2.45595,2.4566,4.00,4.80
2007.06.24 23:47:14.837,2.456,2.4566,4.00,4.00
2007.06.24 23:47:14.880,2.456,2.45665,8.00,4.00
2007.06.24 23:47:15.237,2.456,2.45665,4.80,4.00
2007.06.24 23:47:27.314,2.45605,2.4567,4.00,14.00
2007.06.24 23:47:27.414,2.45605,2.4567,4.00,10.00
2007.06.24 23:47:27.478,2.45605,2.4567,4.00,6.80
2007.06.24 23:47:27.754,2.45605,2.4567,1.60,6.80
2007.06.24 23:47:28.843,2.4556,2.45665,15.50,4.00
2007.06.24 23:47:28.948,2.456,2.45665,3.10,4.00
2007.06.24 23:47:29.302,2.4559,2.45665,12.00,4.00
2007.06.24 23:47:33.167,2.456,2.45665,10.20,4.00
2007.06.24 23:47:33.374,2.4561,2.45665,9.40,4.00
2007.06.24 23:47:33.408,2.4561,2.4567,13.40,6.00
2007.06.24 23:47:33.673,2.4563,2.4567,2.00,2.00
2007.06.24 23:47:33.791,2.456,2.4567,8.00,6.00
2007.06.24 23:47:33.911,2.4561,2.45665,0.80,4.00
2007.06.24 23:47:33.972,2.4559,2.45665,15.20,4.00
2007.06.24 23:47:34.306,2.4561,2.45665,1.30,4.00
2007.06.24 23:47:34.442,2.456,2.4567,8.80,6.00
2007.06.24 23:47:34.563,2.4561,2.4567,2.30,2.00
2007.06.24 23:47:34.896,2.4561,2.4567,0.80,6.00
2007.06.24 23:47:34.930,2.456,2.45665,8.80,4.00
2007.06.24 23:47:35.431,2.456,2.45665,1.30,4.00
2007.06.24 23:47:36.656,2.456,2.45665,8.80,4.00
2007.06.24 23:47:37.278,2.4559,2.45665,15.20,4.00
2007.06.24 23:47:38.820,2.4559,2.45665,15.20,4.00
2007.06.24 23:47:38.989,2.456,2.4567,12.00,6.80
2007.06.24 23:47:40.797,2.456,2.4567,12.00,2.80
2007.06.24 23:47:40.892,2.4561,2.4567,2.80,2.00
2007.06.24 23:47:45.385,2.45605,2.45665,4.80,4.00
2007.06.24 23:47:45.442,2.45605,2.45665,1.40,4.00
2007.06.24 23:47:46.409,2.456,2.4566,4.40,4.00
2007.06.24 23:47:46.442,2.456,2.4566,1.90,4.80
2007.06.24 23:47:49.718,2.45595,2.4566,12.00,4.00
2007.06.24 23:47:49.725,2.456,2.45665,12.00,4.00
2007.06.24 23:47:54.480,2.456,2.4566,8.00,0.80
2007.06.24 23:47:54.540,2.45595,2.4566,8.00,4.80
2007.06.24 23:47:55.199,2.456,2.4566,8.00,4.00
2007.06.24 23:47:55.305,2.456,2.45665,12.00,4.00
2007.06.24 23:48:00.372,2.456,2.45665,8.80,4.00
2007.06.24 23:48:09.362,2.456,2.45665,10.80,4.00
2007.06.24 23:48:21.358,2.456,2.45665,8.80,4.00
2007.06.24 23:48:24.547,2.456,2.45655,4.80,4.00
2007.06.24 23:48:24.605,2.456,2.45655,4.00,4.00
2007.06.24 23:48:27.791,2.456,2.4565,4.00,0.80
2007.06.24 23:48:27.851,2.456,2.4565,4.00,4.80
2007.06.24 23:48:29.106,2.456,2.4565,4.00,0.80
2007.06.24 23:48:29.281,2.456,2.45655,4.00,4.00
2007.06.24 23:48:32.874,2.456,2.4565,4.00,0.80
2007.06.24 23:48:32.913,2.456,2.4565,4.00,4.80
2007.06.24 23:48:36.211,2.456,2.4565,4.00,4.00
2007.06.24 23:48:36.272,2.456,2.45655,4.00,4.00
2007.06.24 23:48:43.123,2.4561,2.4566,4.00,0.80
2007.06.24 23:48:43.146,2.4561,2.45675,4.80,4.00
2007.06.24 23:48:47.732,2.4562,2.45675,4.00,4.00
2007.06.24 23:49:07.274,2.4562,2.45675,4.80,4.00
2007.06.24 23:49:07.292,2.4562,2.4568,8.80,4.00
2007.06.24 23:49:17.690,2.4562,2.4567,8.00,0.80
2007.06.24 23:49:17.742,2.4562,2.45665,4.00,4.00
2007.06.24 23:49:21.054,2.4562,2.4567,4.00,0.80
2007.06.24 23:49:21.118,2.4562,2.45675,4.00,4.00
2007.06.24 23:49:22.056,2.4562,2.4567,4.00,4.00
2007.06.24 23:49:40.868,2.4562,2.45665,4.00,4.00
2007.06.24 23:49:41.296,2.45605,2.45665,4.00,4.00
2007.06.24 23:50:07.068,2.4561,2.4567,4.00,0.80
2007.06.24 23:50:07.137,2.4561,2.45675,8.00,4.00
2007.06.24 23:50:11.773,2.4561,2.4566,8.00,4.00
2007.06.24 23:50:12.375,2.4561,2.4566,4.00,4.00
2007.06.24 23:50:12.444,2.45605,2.4566,4.00,4.00
2007.06.24 23:50:13.858,2.45605,2.4566,4.00,4.80
2007.06.24 23:50:13.904,2.456,2.4566,4.00,8.80
2007.06.24 23:50:15.208,2.45605,2.4566,4.00,4.80
2007.06.24 23:50:15.289,2.45605,2.4566,4.00,4.00
2007.06.24 23:50:20.984,2.45605,2.4565,4.00,0.80
2007.06.24 23:50:21.066,2.456,2.4565,4.00,4.80
2007.06.24 23:50:23.076,2.456,2.45645,4.00,4.00
2007.06.24 23:50:23.259,2.4559,2.45645,4.00,4.00
2007.06.24 23:50:26.888,2.4559,2.4565,8.00,4.80
2007.06.24 23:50:26.894,2.4559,2.4565,11.20,4.00
2007.06.24 23:50:27.651,2.45595,2.4566,4.00,8.80
2007.06.24 23:50:27.753,2.456,2.4566,4.00,8.80
2007.06.24 23:50:28.672,2.456,2.4566,4.00,4.80
2007.06.24 23:50:29.940,2.456,2.4566,8.00,0.80
2007.06.24 23:50:30.354,2.456,2.45665,8.80,4.00
2007.06.24 23:50:30.440,2.456,2.4566,4.80,4.00
2007.06.24 23:50:30.473,2.456,2.4566,4.00,4.80
2007.06.24 23:50:36.181,2.456,2.4566,4.00,8.80
2007.06.24 23:50:36.282,2.45595,2.4566,4.00,8.80
2007.06.24 23:50:36.374,2.45595,2.4566,4.00,12.80
2007.06.24 23:50:42.758,2.45585,2.4565,4.00,4.80
2007.06.24 23:50:47.196,2.4558,2.45645,12.00,4.00
2007.06.24 23:50:47.265,2.4558,2.45645,8.80,4.00
2007.06.24 23:51:06.770,2.456,2.45645,4.00,4.00
2007.06.24 23:51:07.263,2.456,2.4565,4.00,4.00
2007.06.24 23:51:23.005,2.456,2.4566,4.00,4.80
2007.06.24 23:51:26.325,2.456,2.4565,4.00,4.00
2007.06.24 23:51:54.780,2.456,2.4566,4.00,8.00
2007.06.24 23:51:54.844,2.456,2.4566,4.00,4.00
2007.06.24 23:52:00.129,2.45605,2.4567,4.00,8.00
2007.06.24 23:52:00.269,2.45605,2.4567,4.00,4.80
2007.06.24 23:52:00.953,2.4561,2.4567,3.20,4.80
2007.06.24 23:52:11.728,2.45605,2.4567,4.00,4.80
2007.06.24 23:52:11.809,2.456,2.4566,7.20,4.00
2007.06.24 23:53:07.668,2.45562,2.45602,3.20,2.40
2007.06.24 23:53:07.726,2.45568,2.45618,3.20,8.00
2007.06.24 23:53:07.744,2.45585,2.45615,3.20,7.20
2007.06.24 23:53:07.760,2.45588,2.45618,8.80,3.20
2007.06.24 23:53:10.318,2.45585,2.45625,5.60,2.00
2007.06.24 23:53:10.412,2.45583,2.45623,2.40,4.00
2007.06.24 23:53:11.594,2.45577,2.45627,6.40,3.20
2007.06.24 23:53:12.670,2.45582,2.45632,6.40,2.40
2007.06.24 23:53:12.807,2.45584,2.45634,8.80,4.00
2007.06.24 23:53:16.242,2.45577,2.45632,8.80,4.00
2007.06.24 23:53:18.793,2.45573,2.45628,3.20,8.00
2007.06.24 23:53:20.232,2.4557,2.45625,3.20,2.00
2007.06.24 23:53:20.298,2.45568,2.45623,5.60,4.00
2007.06.24 23:53:20.512,2.45563,2.45618,3.20,2.40
2007.06.24 23:53:20.744,2.45562,2.45612,6.40,2.40
2007.06.24 23:53:21.005,2.45559,2.45609,2.40,2.00
2007.06.24 23:53:21.107,2.45561,2.45611,6.40,2.40
2007.06.24 23:53:21.222,2.45564,2.45614,5.60,4.00
2007.06.24 23:53:37.871,2.45566,2.45616,8.80,4.00
2007.06.24 23:53:40.063,2.45571,2.45611,8.80,3.20
2007.06.24 23:53:40.745,2.4557,2.4561,8.80,4.00
2007.06.24 23:53:41.208,2.4557,2.4561,5.60,4.00
2007.06.24 23:54:17.154,2.456,2.4566,3.20,4.00
2007.06.24 23:55:06.603,2.4561,2.4567,4.00,4.80
2007.06.24 23:55:06.615,2.4561,2.4567,7.20,4.00
2007.06.24 23:55:07.477,2.4561,2.4567,4.00,4.00
2007.06.24 23:55:20.709,2.4562,2.4567,4.00,4.00
2007.06.24 23:55:21.049,2.4562,2.4568,4.00,8.80
2007.06.24 23:55:21.412,2.45615,2.4568,4.00,12.80
2007.06.24 23:55:21.466,2.45615,2.4568,4.00,16.00
2007.06.24 23:55:21.553,2.4561,2.4567,4.00,4.00
2007.06.24 23:56:20.515,2.4562,2.4568,4.00,12.00
2007.06.24 23:56:20.605,2.4562,2.4568,4.80,8.00
2007.06.24 23:56:36.696,2.4562,2.45685,8.80,4.00
2007.06.24 23:56:36.841,2.45625,2.4569,4.00,4.80
2007.06.24 23:56:37.110,2.4563,2.4569,3.20,4.80
2007.06.24 23:56:37.408,2.4564,2.4569,4.00,4.80
2007.06.24 23:56:38.855,2.4563,2.4569,3.20,4.80
2007.06.24 23:56:40.704,2.4563,2.4568,3.20,4.00
2007.06.24 23:56:40.959,2.4562,2.4568,12.00,4.00
2007.06.24 23:56:43.672,2.4562,2.45685,12.00,4.00
2007.06.24 23:56:43.946,2.45625,2.4569,4.00,4.80
2007.06.24 23:56:43.979,2.4563,2.4569,3.20,4.80
2007.06.24 23:56:45.730,2.4563,2.4568,3.20,4.00
2007.06.24 23:56:46.759,2.4563,2.4568,3.20,8.00
2007.06.24 23:56:46.947,2.45625,2.4568,4.00,8.00
2007.06.24 23:56:47.030,2.4562,2.4568,8.00,8.00
2007.06.24 23:56:53.868,2.4562,2.4568,4.00,8.80
2007.06.24 23:56:53.884,2.4561,2.4567,7.20,4.00
2007.06.24 23:56:54.398,2.4561,2.4567,4.00,4.00
2007.06.24 23:57:00.289,2.45615,2.4568,4.00,16.00
2007.06.24 23:57:00.400,2.45615,2.4568,4.00,12.00
2007.06.24 23:57:02.521,2.45615,2.4569,4.00,16.80
2007.06.24 23:57:03.822,2.4561,2.4568,8.00,12.00
2007.06.24 23:57:03.859,2.4561,2.4568,4.00,16.00
2007.06.24 23:57:05.594,2.45615,2.4569,4.00,16.80
2007.06.24 23:57:05.614,2.45615,2.4569,4.00,16.80
2007.06.24 23:57:07.885,2.45615,2.4569,4.00,16.80
2007.06.24 23:57:07.901,2.4561,2.4568,4.00,16.00
2007.06.24 23:57:14.730,2.4561,2.4567,4.00,0.80
2007.06.24 23:57:14.758,2.456,2.4567,8.00,8.00
2007.06.24 23:57:17.070,2.45605,2.4567,4.00,0.90
2007.06.24 23:57:17.080,2.45605,2.4568,4.00,16.00
2007.06.24 23:57:21.928,2.45615,2.4568,4.00,0.70
2007.06.24 23:57:28.046,2.45615,2.4569,4.00,16.00
2007.06.24 23:57:28.125,2.45615,2.4568,4.00,0.50
2007.06.24 23:57:28.180,2.4562,2.4568,0.80,0.60
2007.06.24 23:57:28.219,2.4562,2.4569,4.80,16.00
2007.06.24 23:57:35.121,2.4563,2.4569,4.00,0.50
2007.06.24 23:57:35.133,2.4563,2.45695,4.00,12.00
2007.06.24 23:57:36.040,2.4563,2.4568,4.00,0.90
2007.06.24 23:57:36.382,2.45625,2.45685,4.00,8.00
2007.06.24 23:57:38.599,2.45625,2.4568,4.00,0.50
2007.06.24 23:57:38.661,2.45615,2.4569,4.00,16.00
2007.06.24 23:57:45.050,2.45625,2.45685,4.00,8.80
2007.06.24 23:57:45.173,2.45625,2.45685,4.00,8.00
2007.06.24 23:57:53.625,2.45625,2.4568,4.00,4.80
2007.06.24 23:57:53.673,2.45615,2.4568,4.00,8.80
2007.06.24 23:57:54.456,2.4562,2.4568,4.00,4.80
2007.06.24 23:57:54.842,2.4562,2.4568,7.20,4.00
2007.06.24 23:57:54.888,2.4562,2.4568,3.70,4.00
2007.06.24 23:57:56.093,2.4562,2.4568,1.30,4.00
2007.06.24 23:57:56.243,2.4562,2.4568,8.00,4.00
2007.06.24 23:57:57.891,2.45625,2.4568,7.20,4.00
2007.06.24 23:57:58.006,2.4562,2.4568,8.00,4.00
2007.06.24 23:58:01.068,2.45625,2.4568,7.20,4.00
2007.06.24 23:58:01.166,2.45625,2.4568,1.40,4.00
2007.06.24 23:58:07.178,2.4563,2.4568,2.40,4.00
2007.06.24 23:58:07.207,2.4563,2.4568,3.30,4.00
2007.06.24 23:58:12.679,2.4562,2.4568,8.00,4.00
2007.06.24 23:58:12.759,2.4562,2.4568,8.00,4.00
2007.06.24 23:58:17.992,2.4562,2.4568,8.00,8.00
2007.06.24 23:58:18.103,2.45615,2.4568,8.00,12.00
2007.06.24 23:58:18.205,2.45615,2.4567,8.00,4.00
2007.06.24 23:58:18.274,2.45615,2.4567,7.20,4.00
2007.06.24 23:58:21.140,2.45615,2.4567,8.00,4.00
2007.06.24 23:58:21.149,2.45625,2.4567,2.10,4.00
2007.06.24 23:58:21.165,2.4562,2.4568,8.00,8.00
2007.06.24 23:58:42.264,2.4563,2.4568,4.00,8.00
2007.06.24 23:58:42.359,2.4563,2.4568,7.20,8.00
2007.06.24 23:58:44.000,2.4563,2.4568,7.20,0.50
2007.06.24 23:59:00.273,2.4563,2.4568,4.00,8.00
2007.06.24 23:59:27.275,2.45645,2.4568,4.00,8.00
2007.06.24 23:59:28.181,2.4565,2.4568,3.20,8.00
2007.06.24 23:59:31.736,2.45635,2.4568,4.00,8.00
2007.06.24 23:59:34.909,2.4564,2.4568,4.00,8.00
2007.06.24 23:59:34.982,2.456,2.4568,6.00,8.00
2007.06.24 23:59:40.654,2.456,2.4568,6.00,4.00
2007.06.24 23:59:41.284,2.456,2.4568,6.00,8.00
2007.06.24 23:59:41.689,2.456,2.4568,6.00,4.00
2007.06.24 23:59:41.709,2.4564,2.4568,4.00,4.00
2007.06.24 23:59:41.759,2.456,2.4568,6.00,4.00
2007.06.24 23:59:41.799,2.4563,2.45695,8.00,4.00
2007.06.24 23:59:45.316,2.4563,2.45695,4.80,4.00
2007.06.24 23:59:56.255,2.4564,2.457,4.00,10.80
2007.06.24 23:59:56.363,2.4564,2.457,4.80,10.00
