2010.06.10 18:00:00.659,1.67875,1.67915,6.40,1.60
2010.06.10 18:00:00.790,1.67875,1.67915,4.80,1.60
2010.06.10 18:00:00.918,1.67875,1.67915,2.40,1.60
2010.06.10 18:00:01.048,1.6787,1.67915,3.20,3.20
2010.06.10 18:00:01.177,1.6787,1.67905,3.20,1.60
2010.06.10 18:00:01.307,1.6787,1.67915,3.20,5.60
2010.06.10 18:00:01.437,1.6787,1.67905,1.00,1.60
2010.06.10 18:00:02.227,1.6787,1.67915,1.00,1.60
2010.06.10 18:00:02.568,1.6787,1.67915,3.20,3.20
2010.06.10 18:00:02.909,1.6787,1.67915,4.80,1.60
2010.06.10 18:00:03.400,1.67875,1.67915,1.00,1.60
2010.06.10 18:00:04.042,1.67875,1.6792,5.60,1.00
2010.06.10 18:00:04.379,1.6788,1.67925,2.40,4.00
2010.06.10 18:00:04.718,1.67875,1.67925,5.60,5.60
2010.06.10 18:00:05.394,1.6788,1.67925,4.80,4.00
2010.06.10 18:00:05.593,1.67875,1.67925,3.20,10.40
2010.06.10 18:00:05.788,1.67875,1.67925,1.00,12.20
2010.06.10 18:00:05.981,1.67875,1.6792,1.00,1.00
2010.06.10 18:00:06.491,1.67875,1.6792,4.80,1.00
2010.06.10 18:00:06.833,1.67875,1.67925,5.60,3.60
2010.06.10 18:00:07.179,1.67875,1.67925,1.00,8.30
2010.06.10 18:00:07.347,1.67875,1.67925,1.00,9.70
2010.06.10 18:00:08.031,1.6788,1.6792,2.40,1.00
2010.06.10 18:00:08.520,1.6788,1.67925,2.40,7.50
2010.06.10 18:00:08.859,1.6788,1.67925,2.40,6.00
2010.06.10 18:00:09.200,1.6788,1.67925,2.40,4.00
2010.06.10 18:00:09.349,1.67875,1.67925,5.60,3.60
2010.06.10 18:00:10.814,1.67875,1.67925,5.60,3.20
2010.06.10 18:00:12.277,1.67875,1.67925,6.30,1.60
2010.06.10 18:00:12.547,1.67885,1.67925,2.40,1.60
2010.06.10 18:00:14.939,1.67885,1.67925,4.80,1.60
2010.06.10 18:00:15.052,1.6789,1.67925,2.40,3.20
2010.06.10 18:00:15.555,1.6788,1.67925,2.40,5.20
2010.06.10 18:00:16.327,1.6788,1.67925,2.40,3.60
2010.06.10 18:00:20.368,1.67875,1.67925,5.60,3.60
2010.06.10 18:00:21.525,1.67875,1.67925,5.60,3.20
2010.06.10 18:00:23.901,1.67885,1.67925,2.40,5.20
2010.06.10 18:00:24.242,1.6788,1.67925,4.80,5.20
2010.06.10 18:00:24.931,1.67885,1.67925,4.80,6.40
2010.06.10 18:00:25.276,1.6788,1.67925,2.40,4.80
2010.06.10 18:00:25.619,1.67885,1.67925,2.40,3.20
2010.06.10 18:00:26.464,1.67885,1.67925,2.40,4.80
2010.06.10 18:00:26.723,1.6788,1.67925,4.80,4.80
2010.06.10 18:00:27.326,1.6788,1.67925,4.80,4.90
2010.06.10 18:00:27.643,1.6788,1.67925,4.80,3.20
2010.06.10 18:00:28.834,1.67885,1.67925,4.80,3.20
2010.06.10 18:00:29.015,1.67885,1.67925,4.80,1.00
2010.06.10 18:00:29.189,1.6788,1.67925,2.40,1.00
2010.06.10 18:00:29.537,1.6788,1.6793,2.40,1.60
2010.06.10 18:00:30.360,1.6789,1.67935,4.80,3.20
2010.06.10 18:00:30.659,1.67885,1.67935,3.20,3.20
2010.06.10 18:00:30.958,1.67885,1.67935,5.60,3.20
2010.06.10 18:00:31.947,1.67885,1.67935,3.20,3.20
2010.06.10 18:00:33.176,1.67885,1.67935,5.60,3.20
2010.06.10 18:00:34.046,1.67885,1.67935,5.60,5.20
2010.06.10 18:00:34.396,1.6788,1.6793,1.00,4.00
2010.06.10 18:00:35.357,1.6788,1.6793,1.00,4.40
2010.06.10 18:00:35.576,1.6788,1.6793,3.20,2.00
2010.06.10 18:00:36.208,1.67885,1.6793,2.40,2.00
2010.06.10 18:00:43.157,1.6788,1.6793,3.20,2.00
2010.06.10 18:00:45.072,1.6788,1.67925,5.60,1.00
2010.06.10 18:00:49.683,1.6788,1.67925,3.20,1.00
2010.06.10 18:00:50.003,1.67885,1.67925,2.40,1.00
2010.06.10 18:00:50.208,1.6788,1.6793,1.00,7.60
2010.06.10 18:00:50.718,1.6788,1.6793,1.00,6.00
2010.06.10 18:00:50.914,1.6788,1.67925,1.00,3.20
2010.06.10 18:00:51.259,1.67875,1.67925,1.60,7.20
2010.06.10 18:00:51.929,1.67875,1.67925,3.20,4.80
2010.06.10 18:00:54.122,1.67875,1.67925,1.00,7.20
2010.06.10 18:00:54.586,1.67875,1.67925,3.20,4.80
2010.06.10 18:00:55.938,1.67875,1.67925,5.60,3.20
2010.06.10 18:00:56.198,1.6788,1.67925,4.80,3.20
2010.06.10 18:00:56.457,1.67875,1.67925,5.60,3.20
2010.06.10 18:00:57.353,1.67875,1.67925,3.20,4.80
2010.06.10 18:01:00.156,1.67875,1.67925,3.20,4.80
2010.06.10 18:01:00.326,1.67875,1.67925,3.20,4.80
2010.06.10 18:01:00.556,1.67875,1.67925,3.20,5.60
2010.06.10 18:01:00.980,1.6787,1.67915,6.40,1.60
2010.06.10 18:01:01.320,1.6787,1.67915,1.00,2.00
2010.06.10 18:01:02.439,1.6787,1.67915,1.00,1.60
2010.06.10 18:01:02.777,1.6787,1.67915,5.60,1.60
2010.06.10 18:01:05.696,1.6787,1.67915,5.60,2.40
2010.06.10 18:01:05.827,1.67865,1.67905,1.00,1.60
2010.06.10 18:01:05.956,1.6786,1.67905,4.80,1.60
2010.06.10 18:01:06.427,1.6786,1.679,4.80,1.00
2010.06.10 18:01:07.457,1.67855,1.679,2.40,1.00
2010.06.10 18:01:07.901,1.67855,1.679,1.00,1.00
2010.06.10 18:01:08.234,1.67855,1.679,4.80,1.00
2010.06.10 18:01:08.557,1.67855,1.679,2.40,1.00
2010.06.10 18:01:13.679,1.67855,1.679,4.80,1.00
2010.06.10 18:01:13.936,1.6786,1.679,2.40,1.00
2010.06.10 18:01:19.177,1.67855,1.679,2.40,1.00
2010.06.10 18:01:19.286,1.67855,1.679,4.80,1.00
2010.06.10 18:01:19.398,1.6786,1.679,4.80,1.00
2010.06.10 18:01:19.846,1.6786,1.679,2.40,1.00
2010.06.10 18:01:20.379,1.6786,1.679,4.80,1.00
2010.06.10 18:01:20.967,1.6786,1.679,2.40,1.00
2010.06.10 18:01:22.358,1.67855,1.679,1.00,1.00
2010.06.10 18:01:23.016,1.6785,1.679,4.80,1.00
2010.06.10 18:01:32.265,1.6785,1.67895,4.80,1.00
2010.06.10 18:01:33.346,1.6785,1.67895,2.40,1.00
2010.06.10 18:01:33.476,1.6785,1.67895,2.40,2.40
2010.06.10 18:01:33.607,1.6785,1.67895,2.40,2.40
2010.06.10 18:01:33.866,1.67845,1.67895,6.80,2.40
2010.06.10 18:01:33.997,1.6785,1.67895,4.80,2.40
2010.06.10 18:01:35.177,1.67855,1.67895,2.40,2.40
2010.06.10 18:01:35.387,1.6785,1.67895,4.80,2.40
2010.06.10 18:01:41.855,1.6785,1.67895,4.80,3.20
2010.06.10 18:01:41.976,1.67855,1.67895,2.40,1.60
2010.06.10 18:01:42.047,1.6785,1.67895,4.80,1.60
2010.06.10 18:01:42.308,1.67855,1.67895,2.40,1.60
2010.06.10 18:01:43.737,1.6786,1.679,2.40,1.60
2010.06.10 18:01:43.836,1.6786,1.679,4.80,1.60
2010.06.10 18:01:44.430,1.6786,1.679,2.40,1.60
2010.06.10 18:01:44.706,1.67855,1.679,2.40,1.60
2010.06.10 18:01:49.515,1.67855,1.679,4.80,1.60
2010.06.10 18:01:51.321,1.67855,1.679,2.40,1.60
2010.06.10 18:01:53.751,1.67855,1.679,4.80,1.60
2010.06.10 18:01:53.958,1.67855,1.679,2.40,1.60
2010.06.10 18:01:55.547,1.6785,1.679,6.00,1.60
2010.06.10 18:01:57.199,1.67855,1.679,2.40,1.60
2010.06.10 18:01:57.285,1.6785,1.679,6.00,1.60
2010.06.10 18:01:59.946,1.67855,1.679,2.40,1.60
2010.06.10 18:02:00.787,1.6785,1.679,6.00,1.60
2010.06.10 18:02:00.886,1.6785,1.679,3.60,1.60
2010.06.10 18:02:00.986,1.6785,1.679,6.00,1.60
2010.06.10 18:02:04.042,1.67855,1.67905,1.00,7.20
2010.06.10 18:02:09.246,1.67855,1.67905,5.60,4.80
2010.06.10 18:02:09.506,1.67855,1.67905,7.20,4.80
2010.06.10 18:02:10.668,1.67855,1.67905,8.00,3.20
2010.06.10 18:02:10.726,1.67855,1.67905,8.40,3.20
2010.06.10 18:02:10.786,1.6786,1.67905,1.00,1.60
2010.06.10 18:02:10.846,1.6786,1.67905,3.20,1.60
2010.06.10 18:02:10.908,1.6786,1.67905,5.60,1.60
2010.06.10 18:02:11.086,1.67865,1.6791,1.60,1.00
2010.06.10 18:02:13.567,1.6786,1.6791,6.50,1.00
2010.06.10 18:02:13.808,1.6786,1.6791,6.50,1.00
2010.06.10 18:02:14.323,1.6787,1.67915,1.00,6.40
2010.06.10 18:02:14.506,1.67875,1.67925,2.40,5.60
2010.06.10 18:02:14.690,1.67875,1.67915,1.00,1.60
2010.06.10 18:02:14.909,1.67875,1.67925,1.00,5.60
2010.06.10 18:02:18.429,1.67875,1.67925,1.00,5.60
2010.06.10 18:02:18.766,1.6787,1.67925,5.60,5.60
2010.06.10 18:02:19.047,1.6787,1.67915,5.60,1.60
2010.06.10 18:02:20.286,1.6787,1.67925,5.60,5.60
2010.06.10 18:02:25.012,1.6787,1.6792,5.60,1.00
2010.06.10 18:02:25.261,1.6787,1.67915,3.20,2.40
2010.06.10 18:02:25.727,1.6787,1.67915,1.00,2.40
2010.06.10 18:02:26.178,1.6787,1.67915,2.40,2.40
2010.06.10 18:02:26.407,1.6787,1.67915,7.20,2.40
2010.06.10 18:02:26.636,1.67875,1.67915,2.40,2.40
2010.06.10 18:02:27.036,1.67875,1.67915,2.40,1.00
2010.06.10 18:02:32.908,1.67875,1.6792,2.40,2.40
2010.06.10 18:02:34.187,1.67875,1.6792,1.00,2.40
2010.06.10 18:02:34.356,1.67875,1.6792,3.20,2.40
2010.06.10 18:02:35.347,1.67875,1.6792,6.90,2.40
2010.06.10 18:02:35.405,1.67875,1.6792,7.70,2.40
2010.06.10 18:02:35.455,1.6788,1.67925,1.00,6.40
2010.06.10 18:02:35.556,1.6788,1.67925,3.20,4.00
2010.06.10 18:02:37.119,1.6788,1.67925,1.00,4.00
2010.06.10 18:02:37.238,1.6788,1.67925,3.20,4.00
2010.06.10 18:02:37.357,1.6788,1.67925,3.20,3.20
2010.06.10 18:02:39.922,1.6788,1.67925,3.30,3.20
2010.06.10 18:02:40.848,1.6788,1.67925,3.20,3.20
2010.06.10 18:02:41.995,1.6788,1.67925,3.20,1.60
2010.06.10 18:02:46.326,1.6788,1.67925,4.10,1.60
2010.06.10 18:02:46.385,1.6788,1.67925,5.70,1.60
2010.06.10 18:02:46.446,1.67885,1.67925,1.60,1.60
2010.06.10 18:02:47.046,1.67885,1.67925,2.40,1.60
2010.06.10 18:02:47.106,1.67885,1.67925,2.40,1.60
2010.06.10 18:02:47.626,1.67885,1.6793,8.80,1.00
2010.06.10 18:02:47.967,1.6789,1.6793,2.40,1.00
2010.06.10 18:02:48.787,1.6789,1.6793,3.20,1.00
2010.06.10 18:02:49.008,1.6789,1.67935,3.20,3.20
2010.06.10 18:02:49.227,1.6789,1.67935,5.60,3.20
2010.06.10 18:02:52.928,1.6789,1.67935,3.20,3.20
2010.06.10 18:02:54.346,1.6789,1.67935,5.60,3.20
2010.06.10 18:02:55.526,1.6789,1.67935,1.00,3.20
2010.06.10 18:02:55.746,1.6789,1.67935,1.00,4.00
2010.06.10 18:02:56.236,1.67885,1.67935,7.20,4.80
2010.06.10 18:02:56.766,1.67885,1.67925,5.60,1.60
2010.06.10 18:03:00.252,1.6789,1.67935,4.80,4.80
2010.06.10 18:03:00.659,1.6789,1.67935,4.80,4.00
2010.06.10 18:03:00.715,1.6789,1.67935,5.60,3.20
2010.06.10 18:03:06.009,1.6789,1.67935,5.60,3.60
2010.06.10 18:03:06.128,1.6789,1.67925,3.20,1.60
2010.06.10 18:03:06.250,1.6789,1.67925,2.40,1.60
2010.06.10 18:03:06.693,1.6789,1.67925,2.40,1.60
2010.06.10 18:03:07.330,1.67885,1.67925,5.60,1.60
2010.06.10 18:03:08.010,1.6789,1.67925,4.80,1.60
2010.06.10 18:03:08.771,1.67885,1.67925,5.60,1.60
2010.06.10 18:03:10.137,1.6789,1.67925,4.80,1.60
2010.06.10 18:03:11.277,1.6789,1.6793,4.80,1.60
2010.06.10 18:03:11.478,1.6789,1.67935,4.80,4.80
2010.06.10 18:03:12.506,1.6789,1.67935,5.60,3.20
2010.06.10 18:03:14.789,1.6789,1.67935,1.00,3.20
2010.06.10 18:03:15.047,1.6789,1.67935,5.60,3.20
2010.06.10 18:03:25.898,1.679,1.67935,2.40,3.20
2010.06.10 18:03:26.007,1.679,1.67935,2.40,1.60
2010.06.10 18:03:28.232,1.67895,1.67935,5.20,1.60
2010.06.10 18:03:29.756,1.67895,1.67935,5.20,3.20
2010.06.10 18:03:29.961,1.67895,1.67935,2.40,3.20
2010.06.10 18:03:30.632,1.6789,1.6793,5.60,1.60
2010.06.10 18:03:30.820,1.6789,1.6793,2.40,1.60
2010.06.10 18:03:31.008,1.67895,1.6793,2.40,1.60
2010.06.10 18:03:31.202,1.67895,1.67935,2.40,4.80
2010.06.10 18:03:31.386,1.6789,1.67935,4.80,4.80
2010.06.10 18:03:31.762,1.6789,1.67935,2.40,4.80
2010.06.10 18:03:32.632,1.6789,1.6793,2.40,1.60
2010.06.10 18:03:32.979,1.6789,1.67935,2.40,4.80
2010.06.10 18:03:34.537,1.6789,1.67925,2.40,1.60
2010.06.10 18:03:34.876,1.6789,1.67935,2.40,4.80
2010.06.10 18:03:38.367,1.6789,1.67935,4.80,4.80
2010.06.10 18:03:54.619,1.6791,1.67935,1.00,4.00
2010.06.10 18:03:54.789,1.67925,1.67945,8.40,4.80
2010.06.10 18:03:55.172,1.67925,1.67945,8.40,3.20
2010.06.10 18:03:55.346,1.6792,1.67965,4.80,5.20
2010.06.10 18:03:55.521,1.6792,1.67955,2.40,1.60
2010.06.10 18:03:59.840,1.6792,1.67955,4.80,1.60
2010.06.10 18:04:00.317,1.6792,1.67955,2.40,2.00
2010.06.10 18:04:00.473,1.6792,1.67955,1.00,2.00
2010.06.10 18:04:00.617,1.6792,1.67945,1.00,1.60
2010.06.10 18:04:00.961,1.6791,1.67945,5.60,1.60
2010.06.10 18:04:01.303,1.6791,1.67955,5.60,2.80
2010.06.10 18:04:01.648,1.67915,1.67955,2.40,2.80
2010.06.10 18:04:01.949,1.67915,1.67955,2.40,2.00
2010.06.10 18:04:03.086,1.67915,1.67955,2.40,2.00
2010.06.10 18:04:03.797,1.6792,1.67955,1.00,1.60
2010.06.10 18:04:04.178,1.6792,1.6795,1.00,1.60
2010.06.10 18:04:05.950,1.67915,1.6795,1.00,1.60
2010.06.10 18:04:08.067,1.67915,1.6795,2.40,1.60
2010.06.10 18:04:08.336,1.67915,1.67955,2.40,3.20
2010.06.10 18:04:11.083,1.67915,1.67955,2.40,3.60
2010.06.10 18:04:11.127,1.67915,1.67955,2.40,3.70
2010.06.10 18:04:11.467,1.6792,1.67955,1.00,3.60
2010.06.10 18:04:11.856,1.6792,1.67955,2.40,1.60
2010.06.10 18:04:13.256,1.6792,1.6796,2.40,2.00
2010.06.10 18:04:13.686,1.6792,1.6796,3.20,2.00
2010.06.10 18:04:14.046,1.67925,1.6796,1.00,2.00
2010.06.10 18:04:14.283,1.67925,1.6796,1.00,1.00
2010.06.10 18:04:14.509,1.67925,1.6796,1.00,1.00
2010.06.10 18:04:14.670,1.67925,1.67955,1.00,1.00
2010.06.10 18:04:17.009,1.67925,1.67955,1.00,2.00
2010.06.10 18:04:17.216,1.67925,1.67955,2.40,1.00
2010.06.10 18:04:18.094,1.67925,1.67955,1.00,2.00
2010.06.10 18:04:18.699,1.67925,1.67955,1.00,1.00
2010.06.10 18:04:19.026,1.67925,1.6796,1.00,1.60
2010.06.10 18:04:19.997,1.67925,1.6796,1.00,1.60
2010.06.10 18:04:21.057,1.67925,1.6796,2.40,1.60
2010.06.10 18:04:21.288,1.67925,1.67965,3.20,6.80
2010.06.10 18:04:21.407,1.67925,1.67965,5.60,6.80
2010.06.10 18:04:21.527,1.6793,1.67965,1.00,6.80
2010.06.10 18:04:21.648,1.6793,1.67965,1.00,7.20
2010.06.10 18:04:21.876,1.6793,1.67965,1.00,7.20
2010.06.10 18:04:21.986,1.67935,1.67965,1.00,7.20
2010.06.10 18:04:23.469,1.67935,1.67965,1.00,7.30
2010.06.10 18:04:24.532,1.67935,1.6796,1.00,2.00
2010.06.10 18:04:24.739,1.67935,1.6796,1.00,3.60
2010.06.10 18:04:26.805,1.6794,1.6796,1.00,1.60
2010.06.10 18:04:27.012,1.67935,1.67965,1.00,1.60
2010.06.10 18:04:28.809,1.67935,1.67965,1.00,2.00
2010.06.10 18:04:28.967,1.67935,1.67965,1.00,1.00
2010.06.10 18:04:30.586,1.67935,1.67965,1.00,1.00
2010.06.10 18:04:30.678,1.67935,1.67965,1.00,1.00
2010.06.10 18:04:33.285,1.67935,1.67965,1.00,1.00
2010.06.10 18:04:33.457,1.6795,1.6797,1.20,1.60
2010.06.10 18:04:33.884,1.6795,1.6797,1.00,1.60
2010.06.10 18:04:34.055,1.67955,1.67975,2.40,1.60
2010.06.10 18:04:34.222,1.67965,1.67995,1.00,3.20
2010.06.10 18:04:34.574,1.67965,1.68005,1.00,1.60
2010.06.10 18:04:35.281,1.67965,1.68015,4.80,2.00
2010.06.10 18:04:35.807,1.67965,1.68015,4.80,1.60
2010.06.10 18:04:36.077,1.6798,1.68015,1.00,1.60
2010.06.10 18:04:36.349,1.6798,1.6802,5.60,1.00
2010.06.10 18:04:36.765,1.6798,1.68015,1.00,1.60
2010.06.10 18:04:36.976,1.67975,1.68015,1.00,1.60
2010.06.10 18:04:39.225,1.67975,1.68015,5.60,1.60
2010.06.10 18:04:39.909,1.67985,1.68025,2.00,1.60
2010.06.10 18:04:40.249,1.6798,1.68025,6.00,1.60
2010.06.10 18:04:40.588,1.6798,1.68025,1.00,1.60
2010.06.10 18:04:40.756,1.6798,1.68015,1.00,1.60
2010.06.10 18:04:41.316,1.6798,1.68025,1.00,1.60
2010.06.10 18:04:41.486,1.6798,1.68025,3.20,1.60
2010.06.10 18:04:48.859,1.6799,1.68025,4.80,1.60
2010.06.10 18:04:49.078,1.6799,1.68035,4.80,1.60
2010.06.10 18:04:49.296,1.6799,1.68035,5.60,1.60
2010.06.10 18:04:49.549,1.67995,1.68035,2.40,1.60
2010.06.10 18:04:50.133,1.67995,1.68035,3.20,1.60
2010.06.10 18:04:50.382,1.68005,1.68045,4.80,1.60
2010.06.10 18:04:51.617,1.68005,1.68045,1.00,1.60
2010.06.10 18:04:55.605,1.68005,1.68035,1.00,1.60
2010.06.10 18:04:58.732,1.6799,1.6803,1.00,1.60
2010.06.10 18:04:58.983,1.67985,1.6803,1.20,1.60
2010.06.10 18:05:00.007,1.67985,1.6803,2.80,1.60
2010.06.10 18:05:00.316,1.67985,1.6803,5.20,1.60
2010.06.10 18:05:00.780,1.67985,1.68025,3.60,1.60
2010.06.10 18:05:00.896,1.6798,1.68025,5.60,1.60
2010.06.10 18:05:01.007,1.6798,1.68025,5.60,3.20
2010.06.10 18:05:02.056,1.6798,1.68015,5.60,1.60
2010.06.10 18:05:02.958,1.6798,1.68015,3.20,3.20
2010.06.10 18:05:03.358,1.67975,1.68015,5.60,3.20
2010.06.10 18:05:03.515,1.67975,1.68015,4.80,1.60
2010.06.10 18:05:04.292,1.6798,1.68015,1.00,1.60
2010.06.10 18:05:04.443,1.67995,1.68025,2.40,1.60
2010.06.10 18:05:07.558,1.68,1.68025,2.40,1.60
2010.06.10 18:05:07.636,1.68,1.68025,4.80,1.60
2010.06.10 18:05:08.456,1.68,1.68035,4.80,1.60
2010.06.10 18:05:09.835,1.68005,1.68035,2.40,1.60
2010.06.10 18:05:11.781,1.68,1.68035,4.80,1.60
2010.06.10 18:05:13.837,1.68,1.6804,4.80,1.60
2010.06.10 18:05:14.548,1.68,1.6804,4.80,2.00
2010.06.10 18:05:14.888,1.67995,1.68035,2.40,1.60
2010.06.10 18:05:16.542,1.67995,1.68035,4.80,1.60
2010.06.10 18:05:20.619,1.6799,1.68035,4.80,2.40
2010.06.10 18:05:20.758,1.6799,1.68035,4.80,3.20
2010.06.10 18:05:21.027,1.6799,1.6803,4.80,1.00
2010.06.10 18:05:21.237,1.6799,1.6803,4.80,1.60
2010.06.10 18:05:21.448,1.67985,1.6803,6.80,1.60
2010.06.10 18:05:21.657,1.67985,1.6803,4.40,1.60
2010.06.10 18:05:22.067,1.67985,1.6803,6.80,1.60
2010.06.10 18:05:23.129,1.67985,1.6803,7.60,1.00
2010.06.10 18:05:23.262,1.6801,1.68035,2.40,1.60
2010.06.10 18:05:23.401,1.68,1.68045,3.60,4.80
2010.06.10 18:05:23.529,1.68,1.68045,3.60,2.40
2010.06.10 18:05:23.659,1.68005,1.68045,4.80,1.60
2010.06.10 18:05:23.788,1.68005,1.68045,5.60,1.60
2010.06.10 18:05:23.917,1.68015,1.68045,2.40,1.60
2010.06.10 18:05:24.050,1.68015,1.6805,2.40,1.00
2010.06.10 18:05:25.170,1.68015,1.6805,2.80,1.00
2010.06.10 18:05:25.259,1.68015,1.6805,2.80,2.00
2010.06.10 18:05:25.347,1.68015,1.6805,1.00,3.60
2010.06.10 18:05:25.438,1.68015,1.6805,1.20,3.60
2010.06.10 18:05:25.529,1.68015,1.6805,2.80,1.00
2010.06.10 18:05:25.618,1.6802,1.6805,2.40,1.00
2010.06.10 18:05:25.710,1.6802,1.68065,2.80,4.00
2010.06.10 18:05:25.797,1.6802,1.68065,2.80,1.60
2010.06.10 18:05:26.206,1.6803,1.68065,2.40,1.60
2010.06.10 18:05:26.469,1.68035,1.68075,4.80,3.20
2010.06.10 18:05:27.248,1.68035,1.68075,4.80,1.60
2010.06.10 18:05:28.058,1.68035,1.68075,2.80,1.60
2010.06.10 18:05:28.651,1.6803,1.68075,3.60,1.60
2010.06.10 18:05:31.997,1.6803,1.68075,3.70,1.60
2010.06.10 18:05:32.676,1.6803,1.68075,3.60,1.60
2010.06.10 18:05:34.937,1.68035,1.68075,2.40,1.60
2010.06.10 18:05:35.328,1.68035,1.68075,2.40,1.60
2010.06.10 18:05:35.409,1.68035,1.68075,3.20,1.60
2010.06.10 18:05:35.646,1.68035,1.68075,3.60,1.60
2010.06.10 18:05:36.488,1.68035,1.68075,1.20,1.60
2010.06.10 18:05:36.713,1.6803,1.6806,1.00,1.60
2010.06.10 18:05:36.924,1.68025,1.6806,1.00,1.60
2010.06.10 18:05:37.131,1.6802,1.68065,1.00,3.20
2010.06.10 18:05:37.683,1.6802,1.68065,1.00,7.20
2010.06.10 18:05:38.030,1.68015,1.68065,2.00,9.60
2010.06.10 18:05:38.707,1.68015,1.68065,1.00,9.60
2010.06.10 18:05:40.340,1.68035,1.68075,1.60,1.60
2010.06.10 18:05:40.446,1.68035,1.68075,6.40,1.60
2010.06.10 18:05:43.885,1.68035,1.68075,6.40,1.60
2010.06.10 18:05:44.026,1.68035,1.68075,6.50,1.60
2010.06.10 18:05:45.595,1.68035,1.68075,6.40,1.60
2010.06.10 18:05:46.713,1.68035,1.68075,1.60,1.60
2010.06.10 18:05:47.040,1.68035,1.68075,7.20,1.60
2010.06.10 18:05:47.737,1.68035,1.68075,7.60,1.60
2010.06.10 18:05:48.281,1.68035,1.68075,7.70,1.60
2010.06.10 18:05:48.489,1.68035,1.68075,7.60,1.60
2010.06.10 18:05:49.146,1.68035,1.68075,7.70,1.60
2010.06.10 18:05:51.240,1.68035,1.68075,1.20,1.60
2010.06.10 18:05:51.459,1.68035,1.68075,3.60,1.60
2010.06.10 18:05:51.770,1.6804,1.68075,4.80,1.60
2010.06.10 18:05:53.339,1.6804,1.68085,4.80,4.00
2010.06.10 18:05:58.770,1.6804,1.68085,2.40,4.00
2010.06.10 18:05:59.049,1.68035,1.68085,8.40,4.00
2010.06.10 18:06:00.658,1.68035,1.68075,7.20,1.60
2010.06.10 18:06:06.666,1.68035,1.68075,7.20,1.60
2010.06.10 18:06:06.976,1.68035,1.68075,6.40,1.60
2010.06.10 18:06:08.245,1.68035,1.6808,8.10,1.00
2010.06.10 18:06:08.726,1.68035,1.68075,6.50,1.60
2010.06.10 18:06:09.765,1.68035,1.68075,6.40,1.60
2010.06.10 18:06:14.066,1.68035,1.68075,6.40,1.60
2010.06.10 18:06:14.650,1.68035,1.68075,1.60,2.40
2010.06.10 18:06:14.962,1.6803,1.68075,4.80,2.40
2010.06.10 18:06:37.269,1.68025,1.6807,6.40,2.40
2010.06.10 18:06:37.440,1.68025,1.68065,4.80,1.60
2010.06.10 18:06:37.606,1.6802,1.68065,6.00,1.60
2010.06.10 18:06:37.950,1.6802,1.68065,5.60,2.40
2010.06.10 18:06:41.460,1.6802,1.68065,3.20,2.40
2010.06.10 18:06:41.667,1.6802,1.68065,5.60,2.40
2010.06.10 18:06:42.056,1.6802,1.68065,5.60,1.00
2010.06.10 18:06:42.427,1.6802,1.68065,5.60,1.20
2010.06.10 18:06:42.618,1.6802,1.68065,5.60,2.40
2010.06.10 18:06:42.806,1.6802,1.68065,4.80,2.40
2010.06.10 18:06:43.679,1.68025,1.6806,1.60,4.00
2010.06.10 18:06:43.965,1.68025,1.68065,1.10,3.20
2010.06.10 18:06:44.310,1.6802,1.68065,6.00,1.60
2010.06.10 18:06:44.651,1.6803,1.6807,4.80,1.60
2010.06.10 18:06:45.355,1.6803,1.6807,2.40,1.60
2010.06.10 18:06:45.559,1.68025,1.6807,4.80,1.60
2010.06.10 18:06:46.167,1.6803,1.6807,2.40,1.60
2010.06.10 18:06:47.291,1.68015,1.6806,8.10,1.00
2010.06.10 18:06:48.667,1.68015,1.6806,8.90,1.00
2010.06.10 18:06:49.150,1.68015,1.6806,8.10,1.00
2010.06.10 18:06:49.488,1.6802,1.6806,8.00,1.00
2010.06.10 18:06:49.864,1.6802,1.68065,8.00,2.40
2010.06.10 18:06:50.211,1.68025,1.6807,1.60,1.60
2010.06.10 18:06:50.494,1.6801,1.68055,4.10,4.00
2010.06.10 18:06:50.873,1.6801,1.68045,1.00,1.60
2010.06.10 18:06:51.166,1.67995,1.68035,1.60,1.00
2010.06.10 18:06:51.692,1.67995,1.6803,1.60,1.00
2010.06.10 18:06:57.249,1.67995,1.68035,1.60,1.00
2010.06.10 18:06:58.904,1.67995,1.68035,1.60,5.60
2010.06.10 18:07:00.426,1.67995,1.68035,1.60,3.20
2010.06.10 18:07:00.446,1.67995,1.68035,1.60,1.00
2010.06.10 18:07:01.916,1.67995,1.6804,1.60,1.60
2010.06.10 18:07:02.108,1.67995,1.6804,1.60,1.00
2010.06.10 18:07:02.277,1.67995,1.6804,4.00,1.00
2010.06.10 18:07:02.450,1.67995,1.6804,6.40,1.00
2010.06.10 18:07:03.244,1.67995,1.68045,6.40,3.20
2010.06.10 18:07:03.473,1.67995,1.68045,4.80,2.40
2010.06.10 18:07:04.686,1.67995,1.68045,4.90,2.40
2010.06.10 18:07:05.244,1.67995,1.68045,7.30,2.40
2010.06.10 18:07:05.572,1.67995,1.68045,5.30,2.40
2010.06.10 18:07:05.719,1.67995,1.68045,7.70,2.40
2010.06.10 18:07:07.727,1.68,1.68045,1.00,2.40
2010.06.10 18:07:08.384,1.68,1.68045,2.50,2.40
2010.06.10 18:07:08.518,1.67995,1.68045,7.70,2.40
2010.06.10 18:07:09.757,1.68,1.68045,1.00,2.40
2010.06.10 18:07:10.369,1.68,1.68045,2.40,2.40
2010.06.10 18:07:10.484,1.68,1.68045,4.80,2.40
2010.06.10 18:07:11.119,1.67995,1.68045,7.60,2.40
2010.06.10 18:07:12.827,1.67995,1.68045,7.70,2.40
2010.06.10 18:07:13.049,1.67995,1.68045,2.90,7.20
2010.06.10 18:07:14.217,1.67995,1.68045,2.80,7.20
2010.06.10 18:07:15.268,1.67995,1.6804,2.90,1.00
2010.06.10 18:07:15.388,1.68,1.6804,2.40,1.00
2010.06.10 18:07:15.510,1.68005,1.68045,1.60,2.40
2010.06.10 18:07:15.747,1.68005,1.6804,1.60,1.00
2010.06.10 18:07:15.989,1.6801,1.68045,2.40,1.60
2010.06.10 18:07:16.683,1.68005,1.68045,4.00,1.60
2010.06.10 18:07:17.107,1.68005,1.68045,4.10,1.60
2010.06.10 18:07:18.417,1.68005,1.68045,4.00,1.60
2010.06.10 18:07:19.077,1.68005,1.6805,1.60,1.60
2010.06.10 18:07:19.349,1.68005,1.6805,4.00,1.60
2010.06.10 18:07:21.341,1.68005,1.6805,4.00,3.20
2010.06.10 18:07:21.597,1.68005,1.68045,2.40,1.60
2010.06.10 18:07:21.787,1.68,1.68045,4.80,3.20
2010.06.10 18:07:21.976,1.67995,1.68045,8.50,3.20
2010.06.10 18:07:24.173,1.67995,1.68045,8.50,3.20
2010.06.10 18:07:25.387,1.67995,1.68045,8.50,3.20
2010.06.10 18:07:25.718,1.67995,1.68045,8.40,3.20
2010.06.10 18:07:25.837,1.67995,1.68045,8.00,4.80
2010.06.10 18:07:25.957,1.67995,1.68035,4.80,1.60
2010.06.10 18:07:26.078,1.6799,1.68035,5.80,2.40
2010.06.10 18:07:26.559,1.6799,1.6803,1.00,1.00
2010.06.10 18:07:26.750,1.67985,1.68025,6.40,1.60
2010.06.10 18:07:26.938,1.67985,1.68025,1.60,1.60
2010.06.10 18:07:28.719,1.67985,1.68025,1.60,2.40
2010.06.10 18:07:34.157,1.6798,1.68025,2.40,4.00
2010.06.10 18:07:35.166,1.6798,1.68025,3.20,4.00
2010.06.10 18:07:35.246,1.67985,1.68025,1.00,3.20
2010.06.10 18:07:35.327,1.67985,1.68025,2.40,3.20
2010.06.10 18:07:35.656,1.67985,1.68025,1.00,3.20
2010.06.10 18:07:35.767,1.67985,1.6802,1.00,1.60
2010.06.10 18:07:36.087,1.67985,1.68025,1.00,3.20
2010.06.10 18:07:40.536,1.67985,1.68025,2.40,3.20
2010.06.10 18:07:41.089,1.67985,1.68025,1.00,3.20
2010.06.10 18:07:42.288,1.67985,1.6802,1.00,1.60
2010.06.10 18:07:42.488,1.6798,1.68025,1.00,4.80
2010.06.10 18:07:42.690,1.6798,1.68025,4.80,4.00
2010.06.10 18:07:44.730,1.6798,1.68025,4.80,5.60
2010.06.10 18:07:44.898,1.6798,1.6802,1.00,1.60
2010.06.10 18:07:45.626,1.6798,1.6802,2.40,1.60
2010.06.10 18:07:46.449,1.67975,1.6802,1.60,2.40
2010.06.10 18:07:50.447,1.67975,1.6801,1.60,1.00
2010.06.10 18:07:50.669,1.67965,1.6801,6.90,1.00
2010.06.10 18:07:51.165,1.67965,1.6801,1.70,1.00
2010.06.10 18:07:51.420,1.6796,1.68005,2.40,3.20
2010.06.10 18:07:52.231,1.6796,1.68005,2.50,3.20
2010.06.10 18:07:52.970,1.6796,1.68005,2.40,3.20
2010.06.10 18:07:53.443,1.67965,1.68005,4.80,3.20
2010.06.10 18:07:53.571,1.67965,1.68005,4.80,1.60
2010.06.10 18:07:54.648,1.6797,1.68005,2.40,1.60
2010.06.10 18:07:55.297,1.6797,1.6801,2.40,1.60
2010.06.10 18:07:57.318,1.67975,1.6801,2.40,1.60
2010.06.10 18:07:57.631,1.6797,1.6801,4.80,1.60
2010.06.10 18:07:57.697,1.6797,1.6801,2.40,1.60
2010.06.10 18:07:59.058,1.67975,1.6801,2.40,1.60
2010.06.10 18:08:00.789,1.67965,1.6801,6.40,3.20
2010.06.10 18:08:00.949,1.67965,1.6801,1.60,1.60
2010.06.10 18:08:01.109,1.6797,1.6801,2.40,1.60
2010.06.10 18:08:02.847,1.6797,1.6801,4.80,1.60
2010.06.10 18:08:03.926,1.67985,1.68025,2.40,4.40
2010.06.10 18:08:04.656,1.67985,1.68025,2.40,4.00
2010.06.10 18:08:05.911,1.67995,1.68035,4.00,1.60
2010.06.10 18:08:06.256,1.67995,1.68045,5.20,4.40
2010.06.10 18:08:06.616,1.68005,1.68045,1.00,4.40
2010.06.10 18:08:06.704,1.68005,1.68045,4.40,1.00
2010.06.10 18:08:06.948,1.68005,1.68045,6.80,1.00
2010.06.10 18:08:07.796,1.68005,1.6805,4.40,1.00
2010.06.10 18:08:09.017,1.68005,1.6805,4.50,1.00
2010.06.10 18:08:11.128,1.6801,1.6805,1.00,1.00
2010.06.10 18:08:11.317,1.68005,1.6805,4.40,1.00
2010.06.10 18:08:11.931,1.67995,1.68035,1.60,1.00
2010.06.10 18:08:13.161,1.67995,1.68035,1.60,4.90
2010.06.10 18:08:13.473,1.67995,1.68035,1.60,4.10
2010.06.10 18:08:14.174,1.67995,1.68025,1.60,1.60
2010.06.10 18:08:14.521,1.6799,1.6803,2.40,1.00
2010.06.10 18:08:14.860,1.67995,1.68035,6.40,2.40
2010.06.10 18:08:15.199,1.67995,1.68035,1.60,2.40
2010.06.10 18:08:20.948,1.67995,1.6803,1.60,1.00
2010.06.10 18:08:21.297,1.67985,1.6803,1.00,1.00
2010.06.10 18:08:21.522,1.67975,1.6801,1.60,4.80
2010.06.10 18:08:21.750,1.6798,1.6801,1.00,4.80
2010.06.10 18:08:21.971,1.6798,1.68015,1.00,4.80
2010.06.10 18:08:22.188,1.67985,1.6802,1.60,2.40
2010.06.10 18:08:23.850,1.67985,1.6802,2.00,2.40
2010.06.10 18:08:24.113,1.67995,1.6803,1.60,2.40
2010.06.10 18:08:24.373,1.67995,1.6803,2.00,2.40
2010.06.10 18:08:24.632,1.67995,1.68035,2.00,5.60
2010.06.10 18:08:24.838,1.67995,1.68035,2.00,3.20
2010.06.10 18:08:25.037,1.68,1.68035,1.00,3.20
2010.06.10 18:08:25.438,1.68,1.68035,1.00,1.00
2010.06.10 18:08:25.640,1.68005,1.6804,1.60,4.80
2010.06.10 18:08:26.452,1.68005,1.68035,1.60,1.00
2010.06.10 18:08:26.591,1.67995,1.6803,2.90,1.60
2010.06.10 18:08:26.720,1.68,1.6803,1.00,4.80
2010.06.10 18:08:27.324,1.6801,1.6804,1.00,4.80
2010.06.10 18:08:27.640,1.6801,1.6805,1.00,6.40
2010.06.10 18:08:27.949,1.6801,1.68045,1.00,4.80
2010.06.10 18:08:30.444,1.6801,1.6805,1.00,1.00
2010.06.10 18:08:30.621,1.67995,1.68035,10.00,1.60
2010.06.10 18:08:31.045,1.67995,1.68035,3.20,1.60
2010.06.10 18:08:31.381,1.67995,1.68035,6.40,1.60
2010.06.10 18:08:31.718,1.67995,1.68035,4.00,1.60
2010.06.10 18:08:33.052,1.68005,1.6804,1.60,1.60
2010.06.10 18:08:33.271,1.68005,1.6804,1.60,1.00
2010.06.10 18:08:33.489,1.6801,1.68045,1.00,1.60
2010.06.10 18:08:34.116,1.6803,1.68065,2.40,4.80
2010.06.10 18:08:34.462,1.6803,1.6807,2.80,4.80
2010.06.10 18:08:34.814,1.68035,1.6807,1.00,2.40
2010.06.10 18:08:35.159,1.6803,1.6807,2.80,4.80
2010.06.10 18:08:35.558,1.68035,1.6807,1.00,2.40
2010.06.10 18:08:37.171,1.6803,1.6807,2.80,2.40
2010.06.10 18:08:37.287,1.68035,1.6807,1.00,2.40
2010.06.10 18:08:39.639,1.68035,1.6807,1.30,2.40
2010.06.10 18:08:39.801,1.68035,1.68075,1.20,6.40
2010.06.10 18:08:39.957,1.6804,1.68075,1.00,6.40
2010.06.10 18:08:40.341,1.6804,1.68075,1.00,1.60
2010.06.10 18:08:40.502,1.68035,1.68075,1.00,6.40
2010.06.10 18:08:40.838,1.68035,1.68075,1.00,6.40
2010.06.10 18:08:41.167,1.68035,1.68075,1.00,4.80
2010.06.10 18:08:42.027,1.68035,1.68075,1.00,4.80
2010.06.10 18:08:42.227,1.68035,1.6807,1.00,2.40
2010.06.10 18:08:42.790,1.68035,1.6807,1.00,2.40
2010.06.10 18:08:43.391,1.68035,1.6808,4.10,1.60
2010.06.10 18:08:43.476,1.68035,1.6808,6.50,1.60
2010.06.10 18:08:43.646,1.68035,1.6808,8.10,1.60
2010.06.10 18:08:48.906,1.68035,1.6808,8.20,1.60
2010.06.10 18:08:49.757,1.68035,1.6808,8.10,1.60
2010.06.10 18:08:49.956,1.68035,1.6808,8.20,1.60
2010.06.10 18:08:50.146,1.68035,1.6808,8.10,1.60
2010.06.10 18:08:51.356,1.68035,1.6808,8.20,2.40
2010.06.10 18:08:51.713,1.68025,1.6807,9.30,1.60
2010.06.10 18:08:52.009,1.68025,1.6807,8.40,2.40
2010.06.10 18:08:52.462,1.68025,1.6807,8.50,2.40
2010.06.10 18:08:52.653,1.6803,1.68075,1.00,3.20
2010.06.10 18:08:52.837,1.6803,1.68075,2.80,3.20
2010.06.10 18:08:53.166,1.6803,1.68075,2.40,3.20
2010.06.10 18:08:54.137,1.6803,1.68075,4.80,3.20
2010.06.10 18:08:54.518,1.6804,1.68075,1.60,3.20
2010.06.10 18:08:54.648,1.6804,1.68085,3.20,6.40
2010.06.10 18:08:55.045,1.6804,1.68085,5.60,4.00
2010.06.10 18:08:55.231,1.68045,1.68085,8.80,1.60
2010.06.10 18:08:55.597,1.6805,1.68085,2.40,1.60
2010.06.10 18:08:55.788,1.68055,1.68095,2.40,3.20
2010.06.10 18:08:55.977,1.68055,1.68095,4.00,1.60
2010.06.10 18:08:56.170,1.68055,1.68095,3.20,1.60
2010.06.10 18:08:56.379,1.68055,1.68095,1.60,1.60
2010.06.10 18:08:59.232,1.68055,1.68095,8.80,1.60
2010.06.10 18:08:59.960,1.68055,1.68095,8.90,1.60
2010.06.10 18:09:00.142,1.6806,1.68095,4.80,1.60
2010.06.10 18:09:00.670,1.68065,1.68095,1.60,1.60
2010.06.10 18:09:01.020,1.6806,1.68095,5.60,1.60
2010.06.10 18:09:07.917,1.6806,1.68105,5.60,1.60
2010.06.10 18:09:12.168,1.6806,1.68105,5.70,1.60
2010.06.10 18:09:12.297,1.6806,1.68105,7.30,1.60
2010.06.10 18:09:12.427,1.6806,1.68105,5.60,3.20
2010.06.10 18:09:12.905,1.68065,1.68095,2.40,1.60
2010.06.10 18:09:12.976,1.68055,1.68095,2.40,1.60
2010.06.10 18:09:13.039,1.6805,1.68095,5.60,1.60
2010.06.10 18:09:13.448,1.6805,1.68095,5.60,3.20
2010.06.10 18:09:17.776,1.6805,1.68095,5.60,1.60
2010.06.10 18:09:19.988,1.6805,1.68095,5.60,3.20
2010.06.10 18:09:32.872,1.68055,1.68095,2.40,4.00
2010.06.10 18:09:32.903,1.68055,1.68095,2.40,5.60
2010.06.10 18:09:32.946,1.6805,1.6809,5.60,1.60
2010.06.10 18:09:32.969,1.6805,1.6809,3.20,1.60
2010.06.10 18:09:33.436,1.6805,1.6809,5.60,1.60
2010.06.10 18:09:34.120,1.6805,1.68095,5.60,5.60
2010.06.10 18:09:37.412,1.6805,1.68095,7.20,4.00
2010.06.10 18:09:37.726,1.68055,1.681,5.60,1.60
2010.06.10 18:09:37.808,1.6806,1.68105,2.40,3.20
2010.06.10 18:09:37.896,1.6806,1.68105,2.40,1.60
2010.06.10 18:09:38.067,1.68065,1.68105,1.60,1.60
2010.06.10 18:09:38.502,1.68065,1.68105,1.00,1.60
2010.06.10 18:09:39.451,1.6806,1.68105,2.40,1.60
2010.06.10 18:09:40.034,1.6806,1.68095,2.40,3.20
2010.06.10 18:09:40.315,1.68045,1.6809,4.00,1.00
2010.06.10 18:09:40.584,1.6805,1.68095,3.20,1.60
2010.06.10 18:09:41.448,1.68055,1.681,1.60,4.00
2010.06.10 18:09:41.749,1.6805,1.68085,1.00,3.20
2010.06.10 18:09:42.048,1.68055,1.68085,1.60,4.00
2010.06.10 18:09:42.351,1.68045,1.68085,3.20,2.40
2010.06.10 18:09:43.021,1.6805,1.6809,4.80,1.00
2010.06.10 18:09:43.288,1.6805,1.68095,4.80,3.20
2010.06.10 18:09:44.118,1.6805,1.68095,4.80,1.60
2010.06.10 18:09:44.812,1.6805,1.68095,4.80,3.20
2010.06.10 18:09:45.089,1.6805,1.68095,2.40,3.20
2010.06.10 18:09:45.645,1.6805,1.68095,2.40,3.20
2010.06.10 18:09:48.498,1.6805,1.68095,6.40,3.20
2010.06.10 18:09:48.679,1.68055,1.68095,4.00,1.60
2010.06.10 18:09:49.469,1.6805,1.6808,4.80,2.50
2010.06.10 18:09:49.814,1.6803,1.68075,8.00,1.00
2010.06.10 18:09:50.161,1.68035,1.68075,1.60,1.00
2010.06.10 18:09:51.398,1.68035,1.68075,1.60,1.70
2010.06.10 18:09:51.907,1.6803,1.6807,2.40,2.40
2010.06.10 18:09:52.069,1.6802,1.68055,2.40,2.50
2010.06.10 18:09:52.415,1.68015,1.6805,2.40,2.40
2010.06.10 18:09:52.890,1.68005,1.6805,4.00,2.40
2010.06.10 18:09:53.236,1.68005,1.6805,4.80,1.00
2010.06.10 18:09:53.585,1.6801,1.6805,2.40,1.00
2010.06.10 18:09:54.251,1.68005,1.6805,4.80,1.00
2010.06.10 18:09:55.283,1.68015,1.6805,2.40,1.00
2010.06.10 18:09:57.592,1.6801,1.6805,4.80,1.00
2010.06.10 18:09:57.856,1.6801,1.68055,5.60,3.20
2010.06.10 18:09:58.116,1.6801,1.6805,5.60,2.40
2010.06.10 18:09:58.373,1.6801,1.68045,4.80,3.20
2010.06.10 18:09:58.745,1.68,1.68045,2.40,3.20
2010.06.10 18:09:59.094,1.67995,1.6804,1.60,4.00
2010.06.10 18:09:59.438,1.67995,1.68035,1.60,1.00
2010.06.10 18:09:59.778,1.67995,1.68035,1.60,1.60
2010.06.10 18:10:01.881,1.67995,1.68035,5.60,1.60
2010.06.10 18:10:02.350,1.68005,1.68035,1.60,1.60
2010.06.10 18:10:03.052,1.67995,1.68035,5.60,1.60
2010.06.10 18:10:03.392,1.68005,1.68035,1.60,1.60
2010.06.10 18:10:04.421,1.67995,1.68035,1.60,5.60
2010.06.10 18:10:06.471,1.67985,1.68035,3.30,7.20
2010.06.10 18:10:06.629,1.67985,1.68035,3.30,5.60
2010.06.10 18:10:08.207,1.67985,1.68035,3.20,5.60
2010.06.10 18:10:08.509,1.67985,1.6803,3.20,1.60
2010.06.10 18:10:08.789,1.67985,1.6803,3.30,1.60
2010.06.10 18:10:09.427,1.67985,1.6803,3.20,1.60
2010.06.10 18:10:10.969,1.67995,1.6803,1.60,1.60
2010.06.10 18:10:12.807,1.67995,1.6803,1.60,6.40
2010.06.10 18:10:13.449,1.67975,1.68015,5.60,1.60
2010.06.10 18:10:13.675,1.67985,1.68015,1.60,2.40
2010.06.10 18:10:14.021,1.67985,1.68015,1.60,1.00
2010.06.10 18:10:15.188,1.67985,1.6802,1.60,2.40
2010.06.10 18:10:15.469,1.67985,1.68015,1.60,3.20
2010.06.10 18:10:16.030,1.67985,1.68015,1.60,1.00
2010.06.10 18:10:16.518,1.67985,1.68025,1.60,5.60
2010.06.10 18:10:16.866,1.67985,1.68025,1.60,3.20
2010.06.10 18:10:16.990,1.67985,1.6802,1.60,1.60
2010.06.10 18:10:18.077,1.67985,1.6802,1.60,2.40
2010.06.10 18:10:18.327,1.67985,1.6802,1.60,5.60
2010.06.10 18:10:19.025,1.67985,1.6802,1.60,3.20
2010.06.10 18:10:19.344,1.67985,1.6802,1.60,1.00
2010.06.10 18:10:19.609,1.67985,1.68025,1.60,3.20
2010.06.10 18:10:19.869,1.67985,1.6803,1.60,3.20
2010.06.10 18:10:20.481,1.67985,1.6803,5.60,1.00
2010.06.10 18:10:21.298,1.67985,1.6803,8.80,1.00
2010.06.10 18:10:21.580,1.67985,1.6803,4.80,1.00
2010.06.10 18:10:22.123,1.67985,1.68025,3.20,1.60
2010.06.10 18:10:23.058,1.67985,1.68025,1.00,1.60
2010.06.10 18:10:24.278,1.67985,1.6803,3.20,1.00
2010.06.10 18:10:24.578,1.67985,1.6803,4.00,1.00
2010.06.10 18:10:25.556,1.67985,1.6803,4.10,1.00
2010.06.10 18:10:26.255,1.67985,1.68025,1.60,2.40
2010.06.10 18:10:28.583,1.67985,1.68025,1.60,1.60
2010.06.10 18:10:35.042,1.6798,1.68025,1.00,1.60
2010.06.10 18:10:35.548,1.6798,1.6802,1.00,1.00
2010.06.10 18:10:36.254,1.67975,1.68015,1.60,1.00
2010.06.10 18:10:36.939,1.67975,1.68015,1.70,1.00
2010.06.10 18:10:37.151,1.67985,1.68015,1.60,1.00
2010.06.10 18:10:37.364,1.67975,1.68015,4.00,1.60
2010.06.10 18:10:37.579,1.67975,1.6802,2.00,7.20
2010.06.10 18:10:38.017,1.67975,1.68015,2.50,4.00
2010.06.10 18:10:38.194,1.67975,1.68015,1.60,3.20
2010.06.10 18:10:38.538,1.67975,1.68015,1.60,5.60
2010.06.10 18:10:39.049,1.67975,1.68005,1.60,1.60
2010.06.10 18:10:39.388,1.67965,1.68005,2.00,1.60
2010.06.10 18:10:41.968,1.67965,1.68005,1.00,1.60
2010.06.10 18:10:42.016,1.67965,1.68005,1.00,1.60
2010.06.10 18:10:42.653,1.67965,1.68005,2.40,1.60
2010.06.10 18:10:42.895,1.6797,1.68015,1.00,5.60
2010.06.10 18:10:43.128,1.6797,1.68015,2.40,4.80
2010.06.10 18:10:43.419,1.67965,1.68005,1.00,1.60
2010.06.10 18:10:45.254,1.6796,1.68005,6.50,1.60
2010.06.10 18:10:45.401,1.6796,1.68005,5.60,3.20
2010.06.10 18:10:45.678,1.6796,1.68005,1.00,3.20
2010.06.10 18:10:47.390,1.67965,1.68005,1.60,1.60
2010.06.10 18:10:47.990,1.67965,1.6801,1.60,7.20
2010.06.10 18:10:48.425,1.67965,1.68005,1.00,1.60
2010.06.10 18:10:48.773,1.67965,1.68005,1.00,3.20
2010.06.10 18:10:49.117,1.6796,1.68005,1.00,3.20
2010.06.10 18:10:49.803,1.6796,1.68005,5.60,1.60
2010.06.10 18:10:50.504,1.6796,1.68005,1.00,3.20
2010.06.10 18:10:53.384,1.6796,1.68005,1.00,1.60
2010.06.10 18:10:53.577,1.6796,1.6801,1.00,4.00
2010.06.10 18:10:53.867,1.6796,1.68005,1.00,3.20
2010.06.10 18:10:58.318,1.6796,1.68005,1.00,2.40
2010.06.10 18:10:58.722,1.6796,1.68005,1.00,4.80
2010.06.10 18:10:58.862,1.67955,1.68005,2.40,5.60
2010.06.10 18:10:59.128,1.67955,1.68005,2.40,7.20
2010.06.10 18:10:59.397,1.67955,1.68005,4.80,7.20
2010.06.10 18:10:59.538,1.67955,1.68005,6.40,7.20
2010.06.10 18:10:59.679,1.6796,1.68005,1.00,4.00
2010.06.10 18:10:59.818,1.6796,1.68005,3.20,1.60
2010.06.10 18:11:00.841,1.6796,1.68005,5.60,1.60
2010.06.10 18:11:00.908,1.6796,1.68005,1.00,1.60
2010.06.10 18:11:01.097,1.6796,1.68005,1.00,3.20
2010.06.10 18:11:01.287,1.6796,1.68005,5.60,1.60
2010.06.10 18:11:02.350,1.6796,1.68005,3.20,1.60
2010.06.10 18:11:03.172,1.67965,1.68005,2.40,1.60
2010.06.10 18:11:03.420,1.67965,1.6801,4.80,1.60
2010.06.10 18:11:03.670,1.67965,1.68015,7.20,3.20
2010.06.10 18:11:03.920,1.67975,1.68015,1.00,1.60
2010.06.10 18:11:12.483,1.6797,1.68005,3.20,2.40
2010.06.10 18:11:12.555,1.67965,1.68005,1.00,4.80
2010.06.10 18:11:14.843,1.67965,1.6801,1.00,2.40
2010.06.10 18:11:14.959,1.67965,1.6801,1.00,4.80
2010.06.10 18:11:15.070,1.67965,1.68,1.00,1.60
2010.06.10 18:11:15.180,1.6796,1.68,1.00,1.60
2010.06.10 18:11:18.703,1.67955,1.68,6.40,3.20
2010.06.10 18:11:18.862,1.67955,1.68,1.60,3.20
2010.06.10 18:11:19.534,1.6796,1.68005,2.40,3.20
2010.06.10 18:11:21.763,1.6796,1.68005,4.80,3.20
2010.06.10 18:11:23.071,1.67955,1.68005,2.40,8.00
2010.06.10 18:11:23.363,1.67955,1.68,2.40,1.60
2010.06.10 18:11:25.387,1.67955,1.68,2.80,1.60
2010.06.10 18:11:26.106,1.67955,1.68,2.40,1.60
2010.06.10 18:11:27.448,1.67955,1.68,2.90,1.60
2010.06.10 18:11:27.958,1.67955,1.68,2.40,1.60
2010.06.10 18:11:28.686,1.67955,1.68005,2.40,5.60
2010.06.10 18:11:28.788,1.67965,1.68005,1.00,4.00
2010.06.10 18:11:28.887,1.67965,1.68005,1.00,1.60
2010.06.10 18:11:36.984,1.67965,1.68005,3.20,1.60
2010.06.10 18:11:37.115,1.6797,1.68005,1.00,1.60
2010.06.10 18:11:40.298,1.67965,1.68005,1.00,1.60
2010.06.10 18:11:40.529,1.67965,1.68005,1.00,1.60
2010.06.10 18:11:48.120,1.6797,1.68005,5.60,1.60
2010.06.10 18:11:48.459,1.6797,1.68005,3.20,1.60
2010.06.10 18:11:48.863,1.67975,1.68005,1.00,1.60
2010.06.10 18:11:49.213,1.67975,1.68005,2.40,1.60
2010.06.10 18:11:50.239,1.67975,1.68015,2.40,1.60
2010.06.10 18:11:51.770,1.67975,1.68015,2.40,2.10
2010.06.10 18:11:51.890,1.67975,1.68015,2.40,2.90
2010.06.10 18:11:52.010,1.6797,1.6801,2.40,1.60
2010.06.10 18:11:52.497,1.6797,1.68015,4.80,4.00
2010.06.10 18:11:52.826,1.6797,1.68015,5.60,1.60
2010.06.10 18:11:53.458,1.6797,1.68015,5.60,3.20
2010.06.10 18:11:53.779,1.6797,1.68005,5.60,1.60
2010.06.10 18:11:58.341,1.6797,1.68015,5.60,1.60
2010.06.10 18:11:58.578,1.6797,1.68005,5.60,1.60
2010.06.10 18:12:00.932,1.6797,1.6801,5.60,1.60
2010.06.10 18:12:00.998,1.6797,1.68005,5.60,1.60
2010.06.10 18:12:01.091,1.6797,1.68005,4.80,1.60
2010.06.10 18:12:01.117,1.6797,1.68005,4.80,1.60
2010.06.10 18:12:01.716,1.6797,1.68005,2.40,1.60
2010.06.10 18:12:02.288,1.67965,1.68005,6.10,1.60
2010.06.10 18:12:02.998,1.67975,1.68015,4.80,1.60
2010.06.10 18:12:04.646,1.6798,1.68015,1.00,1.60
2010.06.10 18:12:05.769,1.6798,1.68015,2.40,1.60
2010.06.10 18:12:06.111,1.6798,1.68015,1.00,1.60
2010.06.10 18:12:06.549,1.6798,1.68025,1.00,2.40
2010.06.10 18:12:06.749,1.6798,1.68025,2.40,2.40
2010.06.10 18:12:06.847,1.6798,1.68025,4.80,2.40
2010.06.10 18:12:06.947,1.6798,1.68025,2.40,2.40
2010.06.10 18:12:07.954,1.6798,1.68025,2.40,1.00
2010.06.10 18:12:08.129,1.6798,1.68025,2.40,2.40
2010.06.10 18:12:08.477,1.6798,1.68025,1.00,2.40
2010.06.10 18:12:10.328,1.6798,1.68025,1.00,2.40
2010.06.10 18:12:10.449,1.6798,1.68025,1.00,2.40
2010.06.10 18:12:10.569,1.6798,1.68025,1.00,2.40
2010.06.10 18:12:10.687,1.6798,1.68025,1.00,2.40
2010.06.10 18:12:11.358,1.6798,1.68025,1.00,1.00
2010.06.10 18:12:11.679,1.6798,1.68025,1.00,2.40
2010.06.10 18:12:11.998,1.6798,1.68025,1.00,4.80
2010.06.10 18:12:12.508,1.6798,1.68025,1.00,3.20
2010.06.10 18:12:12.699,1.6798,1.68025,1.00,4.80
2010.06.10 18:12:13.240,1.6798,1.68025,1.00,2.40
2010.06.10 18:12:13.479,1.6798,1.6802,1.00,1.00
2010.06.10 18:12:13.957,1.67975,1.6802,6.00,1.00
2010.06.10 18:12:14.200,1.67975,1.6802,4.40,1.00
2010.06.10 18:12:14.442,1.67975,1.6802,1.60,1.00
2010.06.10 18:12:15.244,1.67975,1.6802,2.40,1.60
2010.06.10 18:12:15.563,1.67975,1.68015,1.60,1.00
2010.06.10 18:12:16.360,1.67975,1.6802,1.60,1.60
2010.06.10 18:12:16.699,1.67975,1.6802,4.10,1.60
2010.06.10 18:12:17.040,1.67975,1.6802,6.40,1.60
2010.06.10 18:12:18.033,1.67975,1.6802,4.80,1.60
2010.06.10 18:12:18.323,1.67975,1.6802,6.40,3.20
2010.06.10 18:12:18.620,1.67975,1.6802,8.40,1.60
2010.06.10 18:12:18.872,1.67975,1.6802,8.90,1.60
2010.06.10 18:12:19.323,1.67975,1.6802,3.30,1.60
2010.06.10 18:12:19.573,1.67975,1.6802,8.80,1.60
2010.06.10 18:12:19.917,1.67975,1.6802,8.90,1.60
2010.06.10 18:12:20.602,1.6798,1.68025,2.40,3.20
2010.06.10 18:12:20.760,1.67985,1.68025,1.60,1.60
2010.06.10 18:12:20.908,1.67985,1.68025,1.60,1.00
2010.06.10 18:12:21.371,1.67985,1.6803,3.20,2.40
2010.06.10 18:12:21.523,1.6799,1.68035,5.60,1.60
2010.06.10 18:12:22.361,1.68005,1.68045,2.40,1.60
2010.06.10 18:12:23.066,1.68015,1.68065,6.40,2.00
2010.06.10 18:12:23.172,1.68015,1.68065,4.80,3.60
2010.06.10 18:12:23.276,1.68015,1.68065,4.80,5.20
2010.06.10 18:12:23.477,1.68025,1.68065,1.60,3.60
2010.06.10 18:12:24.057,1.68025,1.68065,1.60,1.60
2010.06.10 18:12:24.738,1.68025,1.68065,1.60,3.20
2010.06.10 18:12:24.927,1.68025,1.68045,1.60,1.60
2010.06.10 18:12:25.482,1.67995,1.68035,1.60,1.60
2010.06.10 18:12:25.678,1.67995,1.68035,1.60,5.60
2010.06.10 18:12:28.775,1.68015,1.6805,3.20,1.00
2010.06.10 18:12:29.054,1.68005,1.68055,6.30,5.60
2010.06.10 18:12:29.740,1.68005,1.68055,8.70,3.20
2010.06.10 18:12:30.418,1.68005,1.68055,8.50,3.20
2010.06.10 18:12:30.757,1.6801,1.68055,2.40,3.20
2010.06.10 18:12:31.588,1.68015,1.68055,1.60,1.00
2010.06.10 18:12:31.728,1.68015,1.68055,2.40,1.00
2010.06.10 18:12:31.867,1.68015,1.68055,4.00,1.00
2010.06.10 18:12:32.009,1.68015,1.6806,10.40,1.00
2010.06.10 18:12:32.910,1.68015,1.68065,11.30,2.40
2010.06.10 18:12:33.718,1.68015,1.68065,10.90,1.00
2010.06.10 18:12:34.069,1.68015,1.68065,10.90,2.40
2010.06.10 18:12:34.647,1.68015,1.68065,10.90,1.00
2010.06.10 18:12:35.606,1.6802,1.68065,1.00,1.00
2010.06.10 18:12:36.202,1.68015,1.68065,10.90,2.40
2010.06.10 18:12:36.267,1.68015,1.68065,10.80,2.40
2010.06.10 18:12:36.409,1.68015,1.68065,10.80,4.00
2010.06.10 18:12:36.476,1.68015,1.68065,10.80,2.40
2010.06.10 18:12:36.870,1.6802,1.68065,1.00,2.40
2010.06.10 18:12:37.208,1.6802,1.68065,1.00,1.60
2010.06.10 18:12:37.547,1.6802,1.68065,1.20,1.60
2010.06.10 18:12:37.888,1.68025,1.6807,1.60,4.80
2010.06.10 18:12:38.233,1.6803,1.6807,1.00,2.40
2010.06.10 18:12:38.369,1.6803,1.68075,2.40,2.40
2010.06.10 18:12:39.410,1.6803,1.68065,1.00,1.60
2010.06.10 18:12:39.749,1.6803,1.68065,5.60,1.60
2010.06.10 18:12:40.089,1.6803,1.68065,2.40,3.20
2010.06.10 18:12:40.909,1.6802,1.68065,2.40,4.80
2010.06.10 18:12:44.017,1.6802,1.68065,2.40,3.20
2010.06.10 18:12:44.684,1.6802,1.68065,3.20,2.40
2010.06.10 18:12:45.032,1.6803,1.68065,4.80,1.60
2010.06.10 18:12:47.221,1.6803,1.68065,2.40,1.60
2010.06.10 18:12:47.258,1.6803,1.68075,4.80,3.20
2010.06.10 18:12:47.291,1.6803,1.68075,5.60,1.60
2010.06.10 18:12:47.752,1.6803,1.68075,3.20,1.60
2010.06.10 18:12:48.090,1.6803,1.68075,1.00,1.60
2010.06.10 18:12:48.778,1.68025,1.68075,7.20,3.20
2010.06.10 18:12:49.776,1.68025,1.68075,4.80,5.60
2010.06.10 18:12:50.029,1.68025,1.68075,7.20,3.20
2010.06.10 18:12:50.781,1.68025,1.68065,5.60,1.60
2010.06.10 18:12:51.271,1.68025,1.68075,3.20,6.00
2010.06.10 18:12:51.432,1.68025,1.68075,5.60,3.60
2010.06.10 18:12:51.750,1.68025,1.68065,3.20,1.60
2010.06.10 18:12:51.910,1.6802,1.6807,2.40,1.60
2010.06.10 18:12:52.088,1.6802,1.68065,1.00,2.40
2010.06.10 18:12:52.267,1.6802,1.68065,1.00,4.00
2010.06.10 18:12:52.630,1.68015,1.6806,1.00,1.00
2010.06.10 18:12:53.199,1.68015,1.6806,2.40,1.00
2010.06.10 18:12:53.770,1.6801,1.68055,1.00,1.00
2010.06.10 18:12:53.991,1.6801,1.68055,5.20,1.00
2010.06.10 18:12:54.398,1.6801,1.68055,7.60,1.00
2010.06.10 18:12:54.747,1.68015,1.68055,2.40,1.00
2010.06.10 18:12:55.088,1.68015,1.6806,2.40,1.00
2010.06.10 18:12:55.811,1.6802,1.68065,4.80,1.60
2010.06.10 18:12:56.382,1.68015,1.68065,6.10,1.60
2010.06.10 18:12:56.612,1.68015,1.68065,6.00,1.60
2010.06.10 18:12:57.649,1.68015,1.6807,7.60,4.00
2010.06.10 18:12:57.886,1.6802,1.6807,4.80,2.80
2010.06.10 18:12:58.465,1.68015,1.6806,1.60,3.20
2010.06.10 18:12:58.685,1.68015,1.6806,1.60,1.00
2010.06.10 18:13:07.660,1.6801,1.68055,3.20,1.60
2010.06.10 18:13:08.201,1.6801,1.68055,3.20,1.00
2010.06.10 18:13:08.405,1.68015,1.68055,1.60,1.60
2010.06.10 18:13:11.597,1.68015,1.68055,1.60,1.00
2010.06.10 18:13:11.677,1.68015,1.6806,1.60,1.60
2010.06.10 18:13:11.786,1.68015,1.6806,1.60,4.00
2010.06.10 18:13:11.906,1.68015,1.6806,1.60,1.60
2010.06.10 18:13:12.127,1.68015,1.68055,1.60,1.60
2010.06.10 18:13:15.087,1.68015,1.6805,1.60,1.60
2010.06.10 18:13:15.380,1.6801,1.6805,1.00,1.60
2010.06.10 18:13:18.076,1.6801,1.6805,1.00,1.60
2010.06.10 18:13:18.376,1.68005,1.6805,6.40,1.60
2010.06.10 18:13:21.246,1.68015,1.6805,1.60,1.60
2010.06.10 18:13:21.784,1.68005,1.6805,6.40,1.60
2010.06.10 18:13:26.334,1.68005,1.68055,6.50,4.90
2010.06.10 18:13:26.504,1.68015,1.68055,4.00,1.00
2010.06.10 18:13:26.628,1.68015,1.68055,2.00,1.00
2010.06.10 18:13:27.110,1.68015,1.68055,1.60,1.00
2010.06.10 18:13:30.580,1.68025,1.68055,1.60,1.00
2010.06.10 18:13:33.376,1.68015,1.68055,4.60,1.00
2010.06.10 18:13:33.667,1.68015,1.68055,5.40,1.00
2010.06.10 18:13:33.877,1.68015,1.68055,5.20,1.00
2010.06.10 18:13:34.087,1.68015,1.68055,5.40,1.00
2010.06.10 18:13:34.508,1.68015,1.68055,5.20,1.00
2010.06.10 18:13:34.717,1.68015,1.68055,5.40,1.00
2010.06.10 18:13:35.914,1.68025,1.68055,1.60,1.00
2010.06.10 18:13:36.127,1.68025,1.6806,1.60,1.60
2010.06.10 18:13:43.278,1.68015,1.6806,4.80,3.20
2010.06.10 18:13:43.612,1.68015,1.6806,1.60,5.60
2010.06.10 18:13:44.650,1.68015,1.6806,7.20,1.60
2010.06.10 18:13:45.258,1.68015,1.6806,7.20,1.60
2010.06.10 18:13:45.558,1.68015,1.6806,6.50,1.60
2010.06.10 18:13:48.208,1.68015,1.6806,4.90,1.60
2010.06.10 18:13:48.407,1.68015,1.6806,2.50,1.60
2010.06.10 18:13:48.608,1.68015,1.68055,1.60,1.00
2010.06.10 18:13:51.267,1.68015,1.6805,1.60,1.00
2010.06.10 18:13:54.222,1.68015,1.6805,1.20,1.00
2010.06.10 18:13:54.605,1.68035,1.68065,1.60,1.00
2010.06.10 18:13:54.979,1.68035,1.6807,1.60,1.00
2010.06.10 18:13:55.272,1.68045,1.6809,1.60,6.40
2010.06.10 18:13:55.569,1.68045,1.6809,2.40,4.00
2010.06.10 18:13:55.944,1.68045,1.6809,1.00,4.00
2010.06.10 18:13:56.251,1.68045,1.68095,4.80,4.80
2010.06.10 18:13:56.593,1.68045,1.68095,4.80,7.20
2010.06.10 18:13:56.938,1.68045,1.68095,2.40,9.60
2010.06.10 18:14:00.921,1.68045,1.68095,2.40,10.40
2010.06.10 18:14:01.042,1.6804,1.68075,3.20,1.60
2010.06.10 18:14:01.287,1.6804,1.68085,3.20,1.60
2010.06.10 18:14:04.948,1.6804,1.68085,5.60,1.60
2010.06.10 18:14:07.140,1.68045,1.6809,1.60,1.60
2010.06.10 18:14:09.799,1.68045,1.68095,2.40,5.60
2010.06.10 18:14:10.338,1.68055,1.68095,1.60,1.60
2010.06.10 18:14:10.898,1.6805,1.68095,2.40,3.20
2010.06.10 18:14:11.700,1.68045,1.68095,2.40,7.20
2010.06.10 18:14:13.287,1.68045,1.68095,2.40,5.60
2010.06.10 18:14:13.489,1.68045,1.68095,4.80,3.20
2010.06.10 18:14:13.689,1.68045,1.68095,2.40,5.60
2010.06.10 18:14:13.787,1.68045,1.68095,4.80,5.60
2010.06.10 18:14:13.888,1.68045,1.68095,4.80,1.60
2010.06.10 18:14:14.530,1.68045,1.68095,2.40,7.20
2010.06.10 18:14:19.408,1.68045,1.68095,2.40,7.30
2010.06.10 18:14:20.377,1.68045,1.68095,4.80,4.90
2010.06.10 18:14:20.887,1.68045,1.68095,4.80,4.80
2010.06.10 18:14:21.018,1.68045,1.68095,2.40,7.20
2010.06.10 18:14:21.147,1.68045,1.6809,2.40,1.60
2010.06.10 18:14:21.901,1.68045,1.68085,4.80,3.20
2010.06.10 18:14:22.834,1.6804,1.68085,2.40,3.20
2010.06.10 18:14:23.180,1.6804,1.68085,1.00,1.60
2010.06.10 18:14:25.214,1.68045,1.6809,1.60,1.60
2010.06.10 18:14:25.574,1.6804,1.6809,4.80,1.60
2010.06.10 18:14:25.923,1.68045,1.6809,1.60,1.60
2010.06.10 18:14:30.962,1.68045,1.6809,1.60,1.00
2010.06.10 18:14:31.090,1.68045,1.6809,4.00,1.00
2010.06.10 18:14:31.221,1.6805,1.6809,2.40,1.00
2010.06.10 18:14:32.380,1.68045,1.6809,6.80,1.00
2010.06.10 18:14:36.327,1.68045,1.6809,6.40,1.00
2010.06.10 18:14:36.829,1.6805,1.6809,4.80,1.00
2010.06.10 18:14:36.898,1.6805,1.6809,2.40,2.40
2010.06.10 18:14:36.938,1.68045,1.6809,4.00,2.40
2010.06.10 18:14:37.007,1.68045,1.6809,1.60,2.40
2010.06.10 18:14:37.348,1.68045,1.6809,1.60,4.80
2010.06.10 18:14:37.860,1.68045,1.6808,1.60,1.00
2010.06.10 18:14:38.212,1.68035,1.68075,1.60,4.80
2010.06.10 18:14:38.381,1.68035,1.6807,1.60,1.60
2010.06.10 18:14:38.543,1.68025,1.6807,2.80,2.40
2010.06.10 18:14:38.713,1.6803,1.68075,4.80,3.20
2010.06.10 18:14:39.570,1.68035,1.68075,2.40,1.60
2010.06.10 18:14:39.912,1.6803,1.68075,4.80,1.60
2010.06.10 18:14:40.258,1.6803,1.68075,4.80,3.20
2010.06.10 18:14:41.278,1.6803,1.68075,4.80,1.60
2010.06.10 18:14:41.713,1.6803,1.6808,8.10,1.60
2010.06.10 18:14:41.839,1.6803,1.6808,6.50,1.60
2010.06.10 18:14:41.909,1.6803,1.6808,6.70,1.60
2010.06.10 18:14:42.177,1.6803,1.6808,4.30,1.60
2010.06.10 18:14:43.528,1.6803,1.6808,3.90,1.60
2010.06.10 18:14:44.069,1.6804,1.6808,1.00,1.60
2010.06.10 18:14:44.339,1.6803,1.6808,5.60,1.60
2010.06.10 18:14:45.300,1.6803,1.6808,3.20,1.60
2010.06.10 18:14:46.888,1.6804,1.6808,1.00,1.60
2010.06.10 18:14:47.337,1.6804,1.6808,1.00,1.00
2010.06.10 18:14:47.387,1.6804,1.68085,1.00,8.00
2010.06.10 18:14:47.952,1.6804,1.68085,6.80,1.60
2010.06.10 18:14:48.088,1.68045,1.68085,2.40,1.60
2010.06.10 18:14:52.331,1.68045,1.68085,2.50,1.60
2010.06.10 18:14:54.051,1.68045,1.68095,8.80,7.60
2010.06.10 18:14:54.171,1.68045,1.68095,7.20,4.80
2010.06.10 18:14:54.293,1.68045,1.68095,6.40,4.80
2010.06.10 18:14:54.751,1.68045,1.68085,4.80,1.60
2010.06.10 18:14:55.093,1.6804,1.68085,1.00,1.60
2010.06.10 18:14:56.108,1.6804,1.68085,1.00,1.60
2010.06.10 18:14:56.811,1.6804,1.68085,3.60,1.60
2010.06.10 18:14:56.993,1.6804,1.6809,3.60,3.20
2010.06.10 18:14:57.163,1.68045,1.6809,1.60,7.20
2010.06.10 18:14:57.689,1.68035,1.68085,3.20,8.80
2010.06.10 18:14:57.860,1.68035,1.6808,3.20,1.00
2010.06.10 18:14:59.749,1.68035,1.6808,5.90,1.00
2010.06.10 18:15:00.030,1.6804,1.6808,2.40,1.00
2010.06.10 18:15:01.023,1.68035,1.68075,4.00,1.00
2010.06.10 18:15:01.235,1.6803,1.68075,4.80,2.40
2010.06.10 18:15:01.441,1.6803,1.68075,2.40,2.40
2010.06.10 18:15:01.639,1.68025,1.68075,6.40,2.40
2010.06.10 18:15:02.082,1.68025,1.68075,6.40,3.20
2010.06.10 18:15:02.328,1.68025,1.6807,6.40,1.00
2010.06.10 18:15:02.579,1.6803,1.6807,2.40,1.00
2010.06.10 18:15:02.829,1.68025,1.6807,1.60,2.40
2010.06.10 18:15:03.951,1.68025,1.68055,1.60,1.60
2010.06.10 18:15:04.115,1.68025,1.6806,1.60,1.60
2010.06.10 18:15:04.967,1.68015,1.68055,3.60,1.60
2010.06.10 18:15:05.617,1.6802,1.68055,1.60,1.60
2010.06.10 18:15:05.961,1.68025,1.68055,1.60,1.60
2010.06.10 18:15:07.323,1.68025,1.6806,1.60,1.00
2010.06.10 18:15:08.078,1.68015,1.6806,8.40,1.00
2010.06.10 18:15:08.418,1.68025,1.6806,1.60,1.00
2010.06.10 18:15:08.768,1.68015,1.6806,8.40,1.00
2010.06.10 18:15:09.788,1.68015,1.6806,7.60,1.00
2010.06.10 18:15:11.987,1.68015,1.6806,4.00,1.60
2010.06.10 18:15:12.777,1.68015,1.68055,4.00,1.00
2010.06.10 18:15:13.510,1.68015,1.68055,6.40,1.00
2010.06.10 18:15:16.049,1.68025,1.68055,1.60,1.00
2010.06.10 18:15:19.359,1.68025,1.6806,1.60,1.60
2010.06.10 18:15:19.657,1.68025,1.6806,1.60,1.00
2010.06.10 18:15:26.349,1.68025,1.68065,1.60,1.00
2010.06.10 18:15:26.482,1.68035,1.6807,1.60,1.00
2010.06.10 18:15:30.942,1.68035,1.6807,4.80,1.00
2010.06.10 18:15:31.247,1.68035,1.68075,4.80,1.00
2010.06.10 18:15:31.953,1.6803,1.68075,4.80,1.00
2010.06.10 18:15:33.505,1.68035,1.6808,1.00,1.00
2010.06.10 18:15:33.815,1.68035,1.6808,2.40,1.00
2010.06.10 18:15:34.149,1.68035,1.68075,2.40,1.00
2010.06.10 18:15:35.468,1.68035,1.6805,2.40,1.00
2010.06.10 18:15:36.136,1.68015,1.6803,1.60,2.40
2010.06.10 18:15:36.288,1.68,1.6804,1.60,1.00
2010.06.10 18:15:36.432,1.67995,1.6804,1.60,4.80
2010.06.10 18:15:36.932,1.68,1.6804,1.00,4.00
2010.06.10 18:15:37.085,1.68,1.68045,4.80,2.40
2010.06.10 18:15:37.924,1.68005,1.6804,1.60,1.60
2010.06.10 18:15:38.663,1.67995,1.6804,6.80,1.60
2010.06.10 18:15:38.830,1.67995,1.6804,6.80,2.00
2010.06.10 18:15:39.149,1.67995,1.6804,4.40,2.00
2010.06.10 18:15:39.309,1.67995,1.6804,6.80,1.60
2010.06.10 18:15:39.469,1.67995,1.68035,6.80,1.00
2010.06.10 18:15:40.010,1.67995,1.68035,1.00,1.00
2010.06.10 18:15:40.354,1.67995,1.68035,1.30,1.00
2010.06.10 18:15:41.157,1.67995,1.68035,1.00,1.00
2010.06.10 18:15:42.038,1.68,1.68035,1.00,1.00
2010.06.10 18:15:42.220,1.68,1.68035,1.00,1.00
2010.06.10 18:15:42.767,1.67995,1.68035,6.50,1.00
2010.06.10 18:15:42.928,1.67995,1.68035,7.30,1.00
2010.06.10 18:15:43.708,1.68,1.6804,1.00,1.60
2010.06.10 18:15:44.027,1.67995,1.6804,7.30,1.60
2010.06.10 18:15:45.339,1.68,1.6804,1.00,1.60
2010.06.10 18:15:45.558,1.68,1.6804,2.50,1.60
2010.06.10 18:15:47.765,1.68,1.6804,2.40,1.60
2010.06.10 18:15:48.637,1.67995,1.6804,7.20,1.60
2010.06.10 18:15:49.877,1.68005,1.6804,1.60,1.60
2010.06.10 18:15:57.828,1.68005,1.68045,4.00,1.00
2010.06.10 18:15:58.300,1.68005,1.6805,4.00,1.60
2010.06.10 18:15:58.389,1.6801,1.6805,2.40,1.00
2010.06.10 18:15:58.458,1.6801,1.6805,2.40,3.20
2010.06.10 18:15:58.597,1.68005,1.68045,4.00,1.00
2010.06.10 18:15:58.938,1.68005,1.68045,1.60,1.00
2010.06.10 18:16:00.510,1.6801,1.6805,5.60,1.00
2010.06.10 18:16:01.088,1.68005,1.6805,2.00,1.00
2010.06.10 18:16:01.433,1.68005,1.6805,2.00,1.00
2010.06.10 18:16:01.798,1.68015,1.6805,1.00,1.00
2010.06.10 18:16:02.321,1.6801,1.6805,7.60,1.00
2010.06.10 18:16:02.504,1.68015,1.6805,1.00,1.00
2010.06.10 18:16:02.700,1.68015,1.68065,5.20,1.60
2010.06.10 18:16:02.881,1.6802,1.68065,2.40,1.60
2010.06.10 18:16:03.390,1.6802,1.68065,1.00,1.60
2010.06.10 18:16:03.735,1.6802,1.68065,1.00,1.60
2010.06.10 18:16:04.081,1.6802,1.68065,5.20,1.60
2010.06.10 18:16:06.828,1.6802,1.68065,5.80,1.60
2010.06.10 18:16:07.228,1.68025,1.68065,4.80,1.60
2010.06.10 18:16:07.279,1.6802,1.68065,5.20,1.60
2010.06.10 18:16:07.675,1.6802,1.6806,2.80,1.60
2010.06.10 18:16:08.346,1.68025,1.6807,2.40,1.00
2010.06.10 18:16:08.533,1.68025,1.6807,5.20,1.00
2010.06.10 18:16:09.623,1.6803,1.6807,5.60,1.00
2010.06.10 18:16:09.974,1.6804,1.6808,2.40,1.60
2010.06.10 18:16:10.668,1.6804,1.68085,2.80,3.20
2010.06.10 18:16:11.017,1.68045,1.6809,4.80,1.60
2010.06.10 18:16:11.359,1.6805,1.68095,3.20,2.40
2010.06.10 18:16:12.407,1.68045,1.68085,2.40,1.60
2010.06.10 18:16:12.753,1.6804,1.68085,9.90,1.60
2010.06.10 18:16:13.000,1.68045,1.68085,2.40,1.60
2010.06.10 18:16:13.523,1.6805,1.68085,2.40,1.60
2010.06.10 18:16:13.776,1.6805,1.68095,2.40,3.20
2010.06.10 18:16:14.072,1.6805,1.68085,2.40,1.60
2010.06.10 18:16:14.371,1.68045,1.68085,5.60,1.60
2010.06.10 18:16:14.660,1.68045,1.68085,2.40,1.60
2010.06.10 18:16:15.319,1.68045,1.6808,2.40,1.60
2010.06.10 18:16:15.664,1.6804,1.68085,1.00,2.40
2010.06.10 18:16:16.348,1.68045,1.68085,2.40,2.40
2010.06.10 18:16:17.531,1.68045,1.68085,2.40,4.80
2010.06.10 18:16:18.178,1.6804,1.68075,2.40,4.00
2010.06.10 18:16:18.492,1.68035,1.68075,4.80,4.00
2010.06.10 18:16:22.290,1.68025,1.68065,7.20,1.60
2010.06.10 18:16:22.569,1.68025,1.68065,6.40,1.60
2010.06.10 18:16:24.379,1.6803,1.68065,2.40,1.60
2010.06.10 18:16:27.500,1.6803,1.68065,2.40,3.20
2010.06.10 18:16:36.378,1.68025,1.68065,2.40,4.00
2010.06.10 18:16:36.479,1.68025,1.68065,2.40,4.80
2010.06.10 18:16:36.580,1.6802,1.68065,4.80,4.80
2010.06.10 18:16:44.748,1.6802,1.68055,4.80,1.60
2010.06.10 18:16:44.981,1.6802,1.68055,2.40,1.60
2010.06.10 18:16:54.046,1.68015,1.68055,2.40,1.60
2010.06.10 18:16:54.172,1.68015,1.6805,2.40,1.60
2010.06.10 18:16:54.630,1.6802,1.68055,4.80,1.60
2010.06.10 18:16:55.068,1.68025,1.68055,2.40,1.60
2010.06.10 18:16:57.182,1.68025,1.6807,6.40,1.20
2010.06.10 18:16:57.781,1.6803,1.6807,1.00,1.00
2010.06.10 18:16:58.597,1.6803,1.6807,2.40,1.20
2010.06.10 18:16:58.830,1.68025,1.6807,6.40,1.20
2010.06.10 18:16:59.312,1.6804,1.68075,2.40,1.00
2010.06.10 18:16:59.444,1.68035,1.6808,4.80,1.00
2010.06.10 18:16:59.904,1.6804,1.68085,4.80,1.00
2010.06.10 18:17:00.934,1.6804,1.68085,2.40,1.00
2010.06.10 18:17:01.270,1.6804,1.68085,4.80,3.20
2010.06.10 18:17:01.608,1.6804,1.68085,2.40,3.20
2010.06.10 18:17:01.788,1.68035,1.68085,4.80,3.20
2010.06.10 18:17:02.242,1.68035,1.68085,4.80,3.30
2010.06.10 18:17:02.431,1.68035,1.68075,4.80,3.20
2010.06.10 18:17:02.847,1.6803,1.6807,2.40,1.60
2010.06.10 18:17:03.410,1.68025,1.6807,2.40,4.80
2010.06.10 18:17:03.646,1.68015,1.68055,3.20,2.40
2010.06.10 18:17:04.921,1.68015,1.68055,2.40,2.40
2010.06.10 18:17:06.003,1.68015,1.68055,2.40,4.00
2010.06.10 18:17:06.879,1.68015,1.68055,4.80,4.00
2010.06.10 18:17:07.089,1.68015,1.68055,4.80,1.60
2010.06.10 18:17:10.563,1.68015,1.6806,4.80,3.20
2010.06.10 18:17:11.156,1.68015,1.68055,4.80,1.60
2010.06.10 18:17:17.609,1.68015,1.6806,6.40,3.30
2010.06.10 18:17:24.401,1.6802,1.68065,2.40,4.00
2010.06.10 18:17:24.669,1.6802,1.68065,7.20,3.20
2010.06.10 18:17:27.672,1.68025,1.68065,4.80,1.60
2010.06.10 18:17:27.761,1.68025,1.6806,3.20,1.60
2010.06.10 18:17:27.849,1.68025,1.6806,1.00,1.60
2010.06.10 18:17:28.261,1.6802,1.6805,4.80,1.60
2010.06.10 18:17:28.356,1.6802,1.6805,1.00,1.60
2010.06.10 18:17:28.939,1.68015,1.6805,4.80,1.60
2010.06.10 18:17:29.872,1.6801,1.6805,4.80,1.60
2010.06.10 18:17:32.711,1.68015,1.6805,1.00,1.60
2010.06.10 18:17:32.749,1.68015,1.68055,5.60,2.40
2010.06.10 18:17:32.873,1.68015,1.68055,5.60,1.60
2010.06.10 18:17:34.619,1.68015,1.68055,7.20,1.60
2010.06.10 18:17:34.879,1.6802,1.68055,2.40,1.60
2010.06.10 18:17:41.098,1.6802,1.68055,2.40,3.20
2010.06.10 18:17:41.228,1.68015,1.6805,5.60,1.60
2010.06.10 18:17:43.772,1.68015,1.68045,5.60,1.60
2010.06.10 18:17:43.831,1.68015,1.68045,3.20,1.60
2010.06.10 18:17:44.242,1.68015,1.6804,1.00,3.20
2010.06.10 18:17:44.297,1.6801,1.6804,1.00,3.20
2010.06.10 18:17:44.640,1.68005,1.6804,4.80,3.20
2010.06.10 18:17:44.981,1.68015,1.68055,1.60,5.20
2010.06.10 18:17:45.614,1.68015,1.68055,2.40,2.00
2010.06.10 18:17:45.868,1.68015,1.68055,4.80,2.00
2010.06.10 18:17:47.730,1.68025,1.68055,4.80,1.60
2010.06.10 18:17:48.177,1.68025,1.68065,4.80,4.80
2010.06.10 18:17:49.784,1.68015,1.6805,4.80,1.00
2010.06.10 18:17:49.960,1.68005,1.6805,7.00,1.60
2010.06.10 18:17:50.138,1.68005,1.6805,6.90,1.60
2010.06.10 18:17:50.318,1.68005,1.6805,6.40,2.40
2010.06.10 18:17:50.501,1.68005,1.68045,6.40,1.60
2010.06.10 18:17:50.891,1.6801,1.68045,2.40,1.60
2010.06.10 18:17:51.221,1.68005,1.68045,1.60,1.60
2010.06.10 18:17:54.458,1.68,1.68045,4.80,1.60
2010.06.10 18:17:54.797,1.68,1.68045,4.80,3.20
2010.06.10 18:17:55.658,1.68,1.68045,4.80,4.80
2010.06.10 18:17:56.005,1.67995,1.68035,6.40,1.60
2010.06.10 18:17:57.013,1.68,1.6804,2.40,1.60
2010.06.10 18:17:57.240,1.6801,1.68045,4.80,1.60
2010.06.10 18:17:57.579,1.6801,1.6805,4.80,3.20
2010.06.10 18:17:57.920,1.6801,1.68045,4.80,1.60
2010.06.10 18:17:58.260,1.68005,1.6804,2.40,1.60
2010.06.10 18:17:58.956,1.68,1.68035,2.40,4.00
2010.06.10 18:17:59.227,1.68,1.68025,2.40,1.60
2010.06.10 18:17:59.541,1.67995,1.6803,2.40,1.60
2010.06.10 18:18:00.180,1.67995,1.6803,6.40,1.60
2010.06.10 18:18:00.523,1.67995,1.6803,4.00,1.60
2010.06.10 18:18:00.871,1.67995,1.6803,2.40,1.60
2010.06.10 18:18:01.209,1.67995,1.6803,4.00,1.60
2010.06.10 18:18:01.399,1.67995,1.6803,6.40,1.60
2010.06.10 18:18:01.589,1.68,1.68035,2.40,2.40
2010.06.10 18:18:02.161,1.6799,1.6803,5.20,1.00
2010.06.10 18:18:02.697,1.67985,1.6802,1.60,3.20
2010.06.10 18:18:02.804,1.67985,1.6802,1.60,1.60
2010.06.10 18:18:02.908,1.67985,1.68025,1.60,1.60
2010.06.10 18:18:03.513,1.67985,1.68025,4.00,1.60
2010.06.10 18:18:19.611,1.6799,1.68025,2.40,1.60
2010.06.10 18:18:20.868,1.6799,1.6803,2.40,3.60
2010.06.10 18:18:21.061,1.67995,1.68025,4.00,1.60
2010.06.10 18:18:21.574,1.67995,1.68025,2.40,1.60
2010.06.10 18:18:24.697,1.67985,1.68025,6.40,1.60
2010.06.10 18:18:25.987,1.6799,1.68025,2.40,1.60
2010.06.10 18:18:26.207,1.6799,1.68025,4.80,1.60
2010.06.10 18:18:27.506,1.6799,1.6802,4.80,1.60
2010.06.10 18:18:27.949,1.6799,1.68025,4.80,2.40
2010.06.10 18:18:28.066,1.67995,1.68025,2.40,1.60
2010.06.10 18:18:28.758,1.67985,1.68025,6.40,1.60
2010.06.10 18:18:28.999,1.67995,1.6803,1.60,1.70
2010.06.10 18:18:29.591,1.67995,1.68035,1.60,3.20
2010.06.10 18:18:30.409,1.67995,1.68035,1.60,2.40
2010.06.10 18:18:30.689,1.67995,1.68035,1.60,1.60
2010.06.10 18:18:37.797,1.67995,1.6803,1.60,1.00
2010.06.10 18:18:37.951,1.67995,1.68025,1.60,1.60
2010.06.10 18:18:38.350,1.67995,1.6803,1.60,2.40
2010.06.10 18:18:38.485,1.67995,1.68025,1.60,1.60
2010.06.10 18:18:38.601,1.6799,1.68025,4.80,1.60
2010.06.10 18:18:38.709,1.6799,1.68025,4.80,1.00
2010.06.10 18:18:39.161,1.67995,1.68025,1.60,1.00
2010.06.10 18:18:39.501,1.67995,1.6803,1.60,3.20
2010.06.10 18:18:39.840,1.67995,1.68035,6.40,1.20
2010.06.10 18:18:40.183,1.68,1.68035,4.80,1.00
2010.06.10 18:18:41.342,1.68,1.68035,4.80,1.00
2010.06.10 18:18:41.685,1.68,1.68035,2.40,2.00
2010.06.10 18:18:42.370,1.67995,1.68035,6.40,1.00
2010.06.10 18:18:42.640,1.68005,1.68035,1.60,1.00
2010.06.10 18:18:43.239,1.6801,1.6805,2.40,4.90
2010.06.10 18:18:43.511,1.6801,1.68055,4.80,4.80
2010.06.10 18:18:43.780,1.68015,1.68055,4.80,3.20
2010.06.10 18:18:44.120,1.6802,1.68055,4.80,3.20
2010.06.10 18:18:44.870,1.6802,1.68055,2.40,4.80
2010.06.10 18:18:45.209,1.68015,1.68055,4.80,4.80
2010.06.10 18:18:50.468,1.68015,1.68055,4.80,5.60
2010.06.10 18:18:50.690,1.68015,1.68045,2.40,1.60
2010.06.10 18:18:50.909,1.68,1.68045,5.20,1.60
2010.06.10 18:18:51.768,1.68005,1.68045,4.80,3.20
2010.06.10 18:18:52.809,1.68005,1.68045,5.20,1.60
2010.06.10 18:18:53.400,1.68005,1.68045,5.20,3.20
2010.06.10 18:18:55.349,1.6801,1.68045,4.80,1.60
2010.06.10 18:18:55.690,1.6801,1.6805,4.80,1.60
2010.06.10 18:18:56.031,1.6802,1.68055,2.40,1.60
2010.06.10 18:19:04.010,1.6802,1.68055,2.40,1.60
2010.06.10 18:19:04.153,1.6802,1.68055,5.60,1.60
2010.06.10 18:19:04.562,1.6802,1.68055,3.20,1.60
2010.06.10 18:19:04.900,1.68015,1.6805,1.00,1.60
2010.06.10 18:19:05.238,1.6801,1.6805,4.80,1.60
2010.06.10 18:19:06.928,1.6801,1.68055,4.80,1.60
2010.06.10 18:19:06.998,1.6801,1.68055,5.50,1.60
2010.06.10 18:19:07.248,1.6802,1.68055,2.40,1.60
2010.06.10 18:19:07.438,1.6802,1.68055,2.40,2.40
2010.06.10 18:19:07.508,1.6801,1.6805,4.80,1.60
2010.06.10 18:19:08.521,1.6801,1.6805,4.80,1.60
2010.06.10 18:19:15.090,1.6801,1.68045,4.80,1.00
2010.06.10 18:19:15.440,1.6802,1.68055,2.40,2.40
2010.06.10 18:19:15.784,1.68025,1.68055,2.40,1.60
2010.06.10 18:19:16.507,1.6802,1.68055,2.40,1.60
2010.06.10 18:19:17.138,1.6802,1.6806,2.40,1.60
2010.06.10 18:19:17.428,1.6802,1.68055,2.40,1.60
2010.06.10 18:19:19.360,1.68015,1.6805,4.80,1.60
2010.06.10 18:19:19.480,1.6801,1.6805,4.80,1.60
2010.06.10 18:19:19.718,1.6801,1.6805,4.80,1.60
2010.06.10 18:19:19.778,1.6801,1.6805,2.40,1.60
2010.06.10 18:19:20.199,1.6801,1.6805,2.40,2.40
2010.06.10 18:19:20.542,1.6801,1.68045,2.40,1.60
2010.06.10 18:19:20.878,1.6801,1.6805,2.40,3.20
2010.06.10 18:19:23.751,1.68015,1.6805,4.80,3.20
2010.06.10 18:19:24.241,1.6802,1.6805,2.40,1.00
2010.06.10 18:19:24.585,1.6801,1.6805,4.80,2.40
2010.06.10 18:19:24.931,1.6801,1.68055,4.80,4.10
2010.06.10 18:19:25.361,1.6801,1.6805,4.80,1.60
2010.06.10 18:19:25.700,1.6801,1.6805,2.40,1.60
2010.06.10 18:19:26.859,1.6801,1.6805,1.00,1.60
2010.06.10 18:19:27.684,1.6801,1.68055,1.00,1.60
2010.06.10 18:19:27.864,1.68015,1.68055,2.40,1.60
2010.06.10 18:19:28.208,1.68015,1.68055,2.40,1.70
2010.06.10 18:19:28.384,1.68015,1.6805,2.40,1.60
2010.06.10 18:19:29.170,1.6801,1.68045,4.80,1.60
2010.06.10 18:19:29.469,1.6801,1.68045,1.00,1.60
2010.06.10 18:19:29.773,1.68005,1.6804,4.80,1.60
2010.06.10 18:19:30.560,1.68005,1.68035,4.80,1.60
2010.06.10 18:19:30.900,1.68005,1.68045,4.80,3.20
2010.06.10 18:19:31.869,1.68005,1.68045,2.40,3.20
2010.06.10 18:19:32.434,1.68,1.68045,4.80,3.30
2010.06.10 18:19:33.078,1.68015,1.68045,2.40,1.60
2010.06.10 18:19:34.124,1.68015,1.68045,2.40,3.20
2010.06.10 18:19:34.480,1.68005,1.68055,5.60,5.30
2010.06.10 18:19:34.831,1.6802,1.68045,1.00,3.20
2010.06.10 18:19:35.509,1.68035,1.6805,3.20,1.00
2010.06.10 18:19:35.855,1.68045,1.68075,2.40,1.60
2010.06.10 18:19:36.199,1.68045,1.68075,2.40,2.00
2010.06.10 18:19:36.539,1.68045,1.68075,1.00,1.60
2010.06.10 18:19:38.000,1.68045,1.68075,2.40,1.60
2010.06.10 18:19:40.459,1.6805,1.68085,1.00,3.20
2010.06.10 18:19:40.658,1.6805,1.68085,3.20,1.60
2010.06.10 18:19:41.551,1.68055,1.68085,2.40,1.60
2010.06.10 18:19:42.049,1.6805,1.68085,5.60,1.60
2010.06.10 18:19:42.791,1.68055,1.68085,2.40,1.60
2010.06.10 18:19:43.271,1.68055,1.68085,2.40,3.20
2010.06.10 18:19:43.412,1.6805,1.68085,3.20,3.20
2010.06.10 18:19:43.552,1.6805,1.68085,1.00,1.60
2010.06.10 18:19:43.916,1.68055,1.68085,2.40,1.60
2010.06.10 18:19:45.019,1.68055,1.68085,2.40,3.20
2010.06.10 18:19:45.340,1.68055,1.68085,5.60,1.60
2010.06.10 18:19:45.908,1.6806,1.68095,7.20,2.00
2010.06.10 18:19:46.219,1.6805,1.6809,8.80,1.60
2010.06.10 18:19:46.521,1.6805,1.68095,5.60,1.60
2010.06.10 18:19:47.543,1.6805,1.68085,5.60,1.60
2010.06.10 18:19:50.252,1.6805,1.68095,5.60,1.60
2010.06.10 18:19:51.565,1.68055,1.68095,4.80,1.60
2010.06.10 18:19:52.767,1.68055,1.68085,2.40,1.60
2010.06.10 18:19:52.837,1.6805,1.68085,5.60,1.60
2010.06.10 18:19:53.298,1.6805,1.68095,4.80,2.40
2010.06.10 18:19:53.725,1.6805,1.6809,4.80,1.60
2010.06.10 18:19:53.860,1.6805,1.68085,1.00,1.60
2010.06.10 18:19:54.380,1.68045,1.68085,2.40,1.60
2010.06.10 18:19:54.639,1.6804,1.68085,5.60,1.60
2010.06.10 18:19:55.480,1.68045,1.68085,5.60,1.60
2010.06.10 18:19:56.569,1.68045,1.68085,1.00,1.60
2010.06.10 18:19:57.373,1.68045,1.68085,3.20,1.60
2010.06.10 18:20:00.709,1.6804,1.68085,3.20,1.60
2010.06.10 18:20:01.258,1.6804,1.68075,2.40,1.60
2010.06.10 18:20:02.910,1.6804,1.68085,4.80,2.40
2010.06.10 18:20:02.982,1.68045,1.68085,2.40,2.50
2010.06.10 18:20:04.468,1.68045,1.68085,2.40,2.40
2010.06.10 18:20:07.529,1.68045,1.68075,2.40,1.60
2010.06.10 18:20:07.981,1.68045,1.68085,2.40,1.60
2010.06.10 18:20:08.134,1.68045,1.68075,4.80,1.60
2010.06.10 18:20:08.290,1.68035,1.68075,5.60,1.60
2010.06.10 18:20:08.918,1.6804,1.68075,2.40,1.60
2010.06.10 18:20:10.923,1.6804,1.68075,2.40,3.20
2010.06.10 18:20:11.546,1.68045,1.68075,4.80,1.60
2010.06.10 18:20:11.834,1.68045,1.68075,2.40,1.60
2010.06.10 18:20:12.557,1.6804,1.68075,4.80,1.60
2010.06.10 18:20:12.902,1.6804,1.68065,2.40,1.60
2010.06.10 18:20:13.239,1.6804,1.6807,2.40,1.00
2010.06.10 18:20:13.917,1.68035,1.68065,4.80,1.60
2010.06.10 18:20:14.202,1.6803,1.68065,5.60,3.20
2010.06.10 18:20:15.329,1.6803,1.68065,4.80,3.20
2010.06.10 18:20:15.623,1.6803,1.68065,4.80,3.20
2010.06.10 18:20:16.252,1.68025,1.68065,4.80,1.60
2010.06.10 18:20:16.510,1.6803,1.68065,2.40,2.00
2010.06.10 18:20:17.174,1.6803,1.68065,4.80,1.60
2010.06.10 18:20:18.198,1.6803,1.68065,2.40,1.60
2010.06.10 18:20:19.311,1.68025,1.68055,4.80,1.60
2010.06.10 18:20:19.508,1.68025,1.68055,2.40,1.60
2010.06.10 18:20:19.709,1.6802,1.68055,5.60,1.60
2010.06.10 18:20:20.107,1.6802,1.68055,4.80,1.60
2010.06.10 18:20:20.619,1.6802,1.68055,4.80,3.20
2010.06.10 18:20:20.920,1.6802,1.68055,1.00,3.20
2010.06.10 18:20:21.223,1.6802,1.68055,4.80,3.20
2010.06.10 18:20:22.609,1.68025,1.68055,2.40,1.60
2010.06.10 18:20:24.039,1.68025,1.68065,2.40,4.60
2010.06.10 18:20:26.238,1.68025,1.68065,2.40,3.00
2010.06.10 18:20:26.390,1.6803,1.68065,2.40,2.40
2010.06.10 18:20:26.785,1.6803,1.68065,2.40,4.00
2010.06.10 18:20:26.934,1.68025,1.68065,2.40,4.70
2010.06.10 18:20:33.613,1.6803,1.68065,2.40,1.60
2010.06.10 18:20:34.132,1.68025,1.68065,2.40,3.20
2010.06.10 18:20:34.651,1.6803,1.68065,2.40,1.60
2010.06.10 18:20:37.571,1.68025,1.68065,2.40,3.20
2010.06.10 18:20:37.698,1.68025,1.6806,2.40,1.60
2010.06.10 18:20:38.221,1.68025,1.68065,2.40,1.60
2010.06.10 18:20:38.725,1.6803,1.68065,2.40,1.60
2010.06.10 18:20:52.698,1.68035,1.68065,2.40,1.60
2010.06.10 18:20:55.821,1.6803,1.68065,2.40,1.60
2010.06.10 18:20:56.014,1.68025,1.68065,2.40,1.60
2010.06.10 18:20:56.517,1.68025,1.68065,2.40,3.20
2010.06.10 18:20:56.836,1.68025,1.68065,4.00,2.00
2010.06.10 18:20:57.152,1.68025,1.68065,6.40,2.30
2010.06.10 18:20:57.643,1.68025,1.68065,6.40,1.60
2010.06.10 18:20:58.189,1.68025,1.68065,4.80,3.20
2010.06.10 18:20:58.529,1.68025,1.68055,2.40,1.60
2010.06.10 18:21:03.359,1.68025,1.68055,2.40,1.60
2010.06.10 18:21:05.140,1.6802,1.6804,2.40,1.60
2010.06.10 18:21:05.479,1.68,1.68045,4.80,2.80
2010.06.10 18:21:05.719,1.68,1.68045,4.80,2.40
2010.06.10 18:21:06.116,1.68005,1.68045,2.40,2.40
2010.06.10 18:21:06.368,1.67995,1.68045,7.50,1.60
2010.06.10 18:21:06.593,1.68005,1.68055,6.40,4.40
2010.06.10 18:21:06.812,1.68005,1.68045,6.40,1.00
2010.06.10 18:21:07.035,1.6801,1.68045,2.40,3.20
2010.06.10 18:21:07.547,1.68,1.68045,2.40,1.00
2010.06.10 18:21:07.834,1.68005,1.6805,2.40,1.60
2010.06.10 18:21:11.879,1.68005,1.6805,4.80,1.60
2010.06.10 18:21:11.998,1.6801,1.6805,2.40,1.60
2010.06.10 18:21:12.558,1.68005,1.6805,2.40,1.60
2010.06.10 18:21:13.821,1.68005,1.6805,4.80,1.60
2010.06.10 18:21:14.143,1.68005,1.6805,4.00,1.60
2010.06.10 18:21:15.088,1.68005,1.6805,6.40,1.60
2010.06.10 18:21:15.769,1.6801,1.6805,2.40,1.60
2010.06.10 18:21:16.604,1.68005,1.68055,6.40,3.20
2010.06.10 18:21:16.770,1.68005,1.68055,7.20,3.20
2010.06.10 18:21:16.932,1.6801,1.68055,1.00,3.20
2010.06.10 18:21:18.865,1.6801,1.68055,1.00,4.10
2010.06.10 18:21:19.049,1.6801,1.68055,1.00,4.30
2010.06.10 18:21:19.138,1.6801,1.68055,1.00,4.80
2010.06.10 18:21:19.319,1.6801,1.68055,1.00,3.20
2010.06.10 18:21:19.804,1.6801,1.68055,1.00,3.20
2010.06.10 18:21:20.148,1.6801,1.68055,1.00,3.20
2010.06.10 18:21:20.488,1.6801,1.68055,1.00,3.30
2010.06.10 18:21:20.830,1.6801,1.6805,1.00,1.00
2010.06.10 18:21:21.169,1.6801,1.68055,1.00,5.90
2010.06.10 18:21:22.283,1.6801,1.6805,1.00,1.00
2010.06.10 18:21:22.438,1.6801,1.68055,1.00,5.90
2010.06.10 18:21:24.089,1.6801,1.68055,1.00,5.70
2010.06.10 18:21:24.440,1.6801,1.68055,1.00,4.80
2010.06.10 18:21:24.573,1.68015,1.68055,1.00,1.60
2010.06.10 18:21:28.198,1.68015,1.6806,1.60,1.00
2010.06.10 18:21:28.723,1.6802,1.68065,1.00,4.50
2010.06.10 18:21:28.829,1.68025,1.6807,2.40,4.10
2010.06.10 18:21:28.918,1.68025,1.6807,2.40,2.50
2010.06.10 18:21:29.015,1.68025,1.6807,2.40,3.20
2010.06.10 18:21:29.108,1.68025,1.6807,2.40,3.20
2010.06.10 18:21:29.288,1.68025,1.6807,4.80,3.20
2010.06.10 18:21:29.558,1.68025,1.6807,4.80,3.10
2010.06.10 18:21:29.648,1.68025,1.68065,4.80,1.60
2010.06.10 18:21:30.421,1.6803,1.68075,5.30,1.60
2010.06.10 18:21:30.761,1.68045,1.68075,4.80,1.60
2010.06.10 18:21:31.082,1.6805,1.68085,2.40,1.60
2010.06.10 18:21:31.481,1.6805,1.68085,4.80,1.60
2010.06.10 18:21:31.807,1.68055,1.68085,2.40,1.60
2010.06.10 18:21:32.149,1.68055,1.6809,2.40,1.00
2010.06.10 18:21:32.489,1.68055,1.68095,2.40,2.10
2010.06.10 18:21:32.829,1.68055,1.68095,2.40,2.10
2010.06.10 18:21:32.998,1.68055,1.68095,2.40,2.00
2010.06.10 18:21:33.339,1.68055,1.68095,1.00,2.00
2010.06.10 18:21:34.080,1.68055,1.68095,1.00,2.10
2010.06.10 18:21:35.288,1.68055,1.68095,1.00,2.00
2010.06.10 18:21:35.908,1.68055,1.68095,1.00,2.10
2010.06.10 18:21:37.677,1.68055,1.6809,1.00,1.00
2010.06.10 18:21:37.789,1.68055,1.68095,1.00,2.00
2010.06.10 18:21:41.825,1.68055,1.68095,4.80,1.60
2010.06.10 18:21:47.250,1.68055,1.68095,1.00,1.60
2010.06.10 18:21:52.071,1.68055,1.68095,2.40,1.60
2010.06.10 18:21:52.598,1.6806,1.68105,2.40,3.20
2010.06.10 18:21:52.779,1.68065,1.68105,4.80,3.20
2010.06.10 18:21:53.631,1.6807,1.68105,2.40,1.60
2010.06.10 18:21:53.759,1.6807,1.68105,4.80,1.60
2010.06.10 18:22:00.699,1.68065,1.68105,5.60,1.60
2010.06.10 18:22:03.488,1.68065,1.68105,6.10,1.60
2010.06.10 18:22:03.618,1.68065,1.68105,7.70,1.60
2010.06.10 18:22:03.648,1.68075,1.68105,2.40,1.60
2010.06.10 18:22:04.110,1.68075,1.68115,2.40,2.40
2010.06.10 18:22:04.198,1.68075,1.68115,2.40,2.80
2010.06.10 18:22:04.579,1.68065,1.68115,5.60,2.80
2010.06.10 18:22:05.388,1.68065,1.68105,5.60,1.60
2010.06.10 18:22:05.664,1.68075,1.68115,2.40,2.40
2010.06.10 18:22:05.881,1.68075,1.68115,2.40,2.80
2010.06.10 18:22:06.089,1.68065,1.68115,9.30,2.80
2010.06.10 18:22:06.299,1.68075,1.68115,2.40,2.40
2010.06.10 18:22:11.187,1.68065,1.68115,8.80,5.60
2010.06.10 18:22:12.248,1.6807,1.68115,2.40,5.60
2010.06.10 18:22:12.731,1.6807,1.68115,4.80,4.00
2010.06.10 18:22:13.328,1.6807,1.68115,4.80,1.60
2010.06.10 18:22:14.008,1.6807,1.68115,5.60,1.60
2010.06.10 18:22:14.368,1.68075,1.68115,1.00,1.60
2010.06.10 18:22:15.213,1.68075,1.68105,1.00,1.60
2010.06.10 18:22:15.503,1.6806,1.681,4.80,1.00
2010.06.10 18:22:15.823,1.6806,1.681,2.40,1.00
2010.06.10 18:22:18.887,1.6806,1.6809,2.40,1.60
2010.06.10 18:22:19.115,1.68055,1.6809,4.80,1.60
2010.06.10 18:22:19.497,1.68055,1.6809,2.40,1.60
2010.06.10 18:22:19.617,1.68045,1.6809,8.80,1.60
2010.06.10 18:22:19.734,1.68045,1.6809,7.20,1.60
2010.06.10 18:22:20.434,1.68045,1.6809,1.60,3.20
2010.06.10 18:22:20.783,1.68045,1.6809,3.20,3.20
2010.06.10 18:22:21.111,1.68045,1.6809,1.60,3.20
2010.06.10 18:22:22.375,1.68045,1.68095,4.80,4.00
2010.06.10 18:22:22.631,1.68045,1.68095,4.80,3.20
2010.06.10 18:22:23.705,1.68045,1.68095,4.80,4.90
2010.06.10 18:22:23.928,1.68045,1.6809,4.80,1.60
2010.06.10 18:22:24.169,1.68045,1.6809,2.40,1.60
2010.06.10 18:22:25.440,1.6805,1.68095,2.00,8.00
2010.06.10 18:22:25.711,1.6805,1.68095,2.00,3.20
2010.06.10 18:22:26.253,1.68045,1.68085,1.60,1.60
2010.06.10 18:22:26.596,1.6803,1.6805,1.60,1.00
2010.06.10 18:22:27.111,1.68015,1.68045,2.10,1.60
2010.06.10 18:22:27.456,1.67985,1.6802,1.60,1.00
2010.06.10 18:22:27.686,1.67985,1.6802,1.60,1.60
2010.06.10 18:22:28.382,1.67985,1.6801,1.60,1.00
2010.06.10 18:22:28.605,1.6797,1.68,2.40,2.40
2010.06.10 18:22:28.951,1.67965,1.68,8.00,1.00
2010.06.10 18:22:29.487,1.67965,1.68,4.00,1.00
2010.06.10 18:22:29.840,1.67965,1.67995,1.60,1.00
2010.06.10 18:22:30.183,1.6796,1.67995,4.80,1.00
2010.06.10 18:22:30.817,1.67965,1.67995,1.60,1.00
2010.06.10 18:22:31.504,1.67965,1.67995,4.00,1.00
2010.06.10 18:22:32.080,1.67965,1.67995,1.60,1.00
2010.06.10 18:22:32.279,1.67965,1.68,4.00,2.40
2010.06.10 18:22:34.567,1.6797,1.68005,2.40,1.00
2010.06.10 18:22:35.581,1.6797,1.68,2.40,1.60
2010.06.10 18:22:36.196,1.67965,1.68,4.00,1.60
2010.06.10 18:22:39.290,1.67965,1.67995,1.60,1.00
2010.06.10 18:22:41.773,1.67955,1.67995,1.60,1.00
2010.06.10 18:22:42.075,1.67955,1.67995,1.60,4.00
2010.06.10 18:22:42.378,1.67955,1.6799,1.60,1.00
2010.06.10 18:22:43.801,1.6795,1.6799,1.00,1.00
2010.06.10 18:22:44.133,1.67945,1.67985,1.60,1.00
2010.06.10 18:22:44.299,1.6795,1.67985,2.40,1.00
2010.06.10 18:22:46.478,1.67955,1.6799,1.60,1.00
2010.06.10 18:22:47.182,1.67955,1.6799,4.00,1.00
2010.06.10 18:22:47.484,1.67955,1.6799,1.60,1.00
2010.06.10 18:22:47.939,1.67955,1.6799,4.00,1.00
2010.06.10 18:22:48.606,1.67955,1.6799,1.60,1.00
2010.06.10 18:22:48.924,1.67955,1.6799,4.00,1.00
2010.06.10 18:22:49.448,1.67955,1.67995,4.00,1.00
2010.06.10 18:22:49.589,1.67965,1.67995,1.60,1.00
2010.06.10 18:22:50.075,1.67955,1.67995,1.60,1.00
2010.06.10 18:22:52.210,1.67965,1.67995,1.60,1.00
2010.06.10 18:22:54.229,1.67955,1.67995,4.00,1.00
2010.06.10 18:22:54.739,1.67965,1.67995,1.60,1.00
2010.06.10 18:22:57.023,1.67965,1.6799,1.60,1.00
2010.06.10 18:22:57.207,1.67955,1.6799,1.60,2.40
2010.06.10 18:22:57.476,1.6796,1.67995,2.40,1.00
2010.06.10 18:22:57.745,1.6796,1.67995,4.80,1.00
2010.06.10 18:22:58.513,1.67955,1.67995,4.00,1.00
2010.06.10 18:22:58.780,1.67955,1.67995,1.60,1.00
2010.06.10 18:22:59.049,1.67965,1.67995,1.60,1.00
2010.06.10 18:22:59.646,1.67955,1.68,4.00,1.00
2010.06.10 18:23:00.006,1.67965,1.68005,2.30,1.00
2010.06.10 18:23:00.358,1.67965,1.68005,1.60,1.00
2010.06.10 18:23:01.029,1.67965,1.68005,2.40,1.00
2010.06.10 18:23:01.053,1.67955,1.6799,7.00,1.00
2010.06.10 18:23:01.404,1.6795,1.6799,4.80,1.00
2010.06.10 18:23:01.664,1.6795,1.6799,2.40,1.00
2010.06.10 18:23:01.921,1.6795,1.67985,3.20,1.00
2010.06.10 18:23:02.172,1.6797,1.67995,4.80,1.60
2010.06.10 18:23:02.421,1.67965,1.67995,1.60,1.00
2010.06.10 18:23:03.030,1.67955,1.67995,6.40,1.00
2010.06.10 18:23:03.291,1.67955,1.6799,4.00,1.00
2010.06.10 18:23:03.832,1.67955,1.6799,1.60,1.00
2010.06.10 18:23:04.058,1.67955,1.6799,4.00,1.00
2010.06.10 18:23:05.068,1.67955,1.6799,1.60,1.00
2010.06.10 18:23:05.338,1.67955,1.67995,4.00,1.00
2010.06.10 18:23:05.604,1.67955,1.67995,1.60,1.00
2010.06.10 18:23:07.134,1.67955,1.6799,1.60,1.60
2010.06.10 18:23:07.293,1.6796,1.6799,2.40,1.60
2010.06.10 18:23:07.450,1.6796,1.67995,4.80,1.60
2010.06.10 18:23:08.098,1.67965,1.68,4.80,1.60
2010.06.10 18:23:08.589,1.67955,1.68,7.20,1.60
2010.06.10 18:23:08.921,1.67955,1.67995,4.80,1.60
2010.06.10 18:23:09.255,1.67955,1.6799,1.60,1.60
2010.06.10 18:23:10.433,1.6795,1.6799,4.80,1.60
2010.06.10 18:23:11.170,1.67955,1.6799,1.60,1.60
2010.06.10 18:23:11.360,1.6795,1.6799,4.80,1.00
2010.06.10 18:23:11.550,1.6795,1.67995,4.80,2.40
2010.06.10 18:23:11.840,1.67945,1.6799,6.40,1.00
2010.06.10 18:23:12.132,1.67935,1.67975,2.90,1.60
2010.06.10 18:23:12.529,1.67935,1.67975,2.00,1.60
2010.06.10 18:23:12.757,1.67935,1.6798,6.40,1.60
2010.06.10 18:23:12.980,1.67935,1.6798,4.00,1.60
2010.06.10 18:23:13.210,1.67935,1.67975,4.00,1.00
2010.06.10 18:23:13.442,1.67935,1.67975,1.60,1.00
2010.06.10 18:23:13.929,1.67935,1.67975,4.00,1.00
2010.06.10 18:23:14.192,1.67935,1.67975,1.60,1.00
2010.06.10 18:23:16.621,1.67935,1.6797,1.60,1.60
2010.06.10 18:23:21.758,1.67945,1.6797,1.60,1.60
2010.06.10 18:23:23.379,1.67945,1.6798,1.60,2.40
2010.06.10 18:23:23.678,1.67945,1.6798,1.60,1.60
2010.06.10 18:23:30.058,1.67945,1.6798,4.00,1.60
2010.06.10 18:23:31.500,1.6795,1.6799,4.80,1.60
2010.06.10 18:23:33.339,1.67955,1.6799,4.00,1.60
2010.06.10 18:23:33.489,1.67955,1.6799,6.40,1.00
2010.06.10 18:23:33.638,1.67955,1.67995,6.40,1.60
2010.06.10 18:23:37.929,1.67955,1.67995,6.40,1.00
2010.06.10 18:23:37.997,1.67955,1.68,6.40,3.00
2010.06.10 18:23:38.100,1.67955,1.68,6.40,1.60
2010.06.10 18:23:43.988,1.67965,1.68,2.40,1.60
2010.06.10 18:23:44.449,1.67965,1.68,4.00,1.00
2010.06.10 18:23:44.570,1.67965,1.68005,4.00,1.60
2010.06.10 18:23:47.201,1.67965,1.68005,6.40,1.60
2010.06.10 18:23:47.269,1.67965,1.6801,6.40,1.60
2010.06.10 18:23:47.338,1.6797,1.6801,2.40,1.60
2010.06.10 18:23:49.035,1.67975,1.6801,1.60,1.60
2010.06.10 18:23:49.468,1.67975,1.68015,1.60,2.40
2010.06.10 18:23:49.688,1.67975,1.68015,1.60,1.60
2010.06.10 18:23:49.921,1.67965,1.68015,6.40,1.60
2010.06.10 18:23:50.399,1.67975,1.68015,1.60,1.60
2010.06.10 18:23:52.381,1.67985,1.68015,1.60,1.60
2010.06.10 18:23:52.570,1.67975,1.68015,1.60,1.60
2010.06.10 18:23:54.781,1.67985,1.68015,1.60,1.60
2010.06.10 18:24:06.740,1.67975,1.68015,4.00,1.60
2010.06.10 18:24:06.909,1.67985,1.6802,1.60,1.60
2010.06.10 18:24:11.369,1.67985,1.6802,4.00,1.60
2010.06.10 18:24:11.669,1.67985,1.68025,4.00,1.60
2010.06.10 18:24:12.371,1.67985,1.6803,4.00,2.40
2010.06.10 18:24:13.050,1.67995,1.6803,1.60,2.40
2010.06.10 18:24:16.080,1.67985,1.6803,4.00,4.00
2010.06.10 18:24:16.604,1.67985,1.6803,1.60,6.40
2010.06.10 18:24:16.873,1.67985,1.68025,1.60,3.20
2010.06.10 18:24:31.083,1.67985,1.68025,1.60,4.00
2010.06.10 18:24:31.179,1.67985,1.6802,1.60,1.00
2010.06.10 18:24:31.279,1.67985,1.6802,1.60,2.40
2010.06.10 18:24:31.671,1.67975,1.6802,1.60,2.40
2010.06.10 18:24:32.543,1.67975,1.6802,1.60,2.80
2010.06.10 18:24:33.451,1.67975,1.6802,1.60,3.60
2010.06.10 18:24:33.628,1.67975,1.6802,1.60,4.40
2010.06.10 18:24:34.494,1.67975,1.6802,1.60,6.40
2010.06.10 18:24:34.695,1.67975,1.6802,1.60,7.20
2010.06.10 18:24:34.881,1.6797,1.6802,4.90,6.80
2010.06.10 18:24:35.264,1.6797,1.6801,4.80,1.00
2010.06.10 18:24:35.602,1.67975,1.68005,1.60,1.00
2010.06.10 18:24:35.941,1.67975,1.6801,1.60,1.00
2010.06.10 18:24:36.343,1.67975,1.68015,1.60,1.60
2010.06.10 18:24:36.719,1.6796,1.67995,3.20,1.00
2010.06.10 18:24:37.072,1.67965,1.68,2.40,1.60
2010.06.10 18:24:37.424,1.67965,1.68,2.40,1.00
2010.06.10 18:24:37.787,1.6796,1.68005,4.80,1.00
2010.06.10 18:24:38.136,1.6797,1.68005,2.40,1.00
2010.06.10 18:24:38.611,1.6797,1.68015,4.80,1.60
2010.06.10 18:24:38.907,1.6798,1.6802,2.40,1.00
2010.06.10 18:24:40.449,1.67985,1.6802,1.60,1.00
2010.06.10 18:24:47.899,1.67985,1.68025,1.60,1.00
2010.06.10 18:24:48.731,1.67985,1.68025,2.40,1.00
2010.06.10 18:24:48.918,1.6799,1.68025,1.00,1.00
2010.06.10 18:24:49.050,1.67995,1.68035,2.80,2.40
2010.06.10 18:24:49.122,1.67995,1.6804,5.20,1.60
2010.06.10 18:24:49.190,1.67995,1.6804,2.40,2.00
2010.06.10 18:24:49.585,1.6799,1.6804,3.10,4.40
2010.06.10 18:24:49.935,1.67995,1.68035,4.80,1.60
2010.06.10 18:24:50.282,1.6799,1.68035,4.80,1.60
2010.06.10 18:24:53.073,1.67985,1.6803,6.40,1.60
2010.06.10 18:24:53.308,1.67985,1.6803,4.00,1.60
2010.06.10 18:24:54.830,1.67985,1.6803,1.60,4.00
2010.06.10 18:24:55.405,1.67985,1.68025,1.60,1.60
2010.06.10 18:24:55.847,1.67975,1.68025,7.20,1.60
2010.06.10 18:24:59.658,1.67975,1.68025,7.20,2.00
2010.06.10 18:25:00.538,1.67975,1.6802,6.40,1.60
2010.06.10 18:25:01.316,1.67975,1.6802,4.80,2.00
2010.06.10 18:25:01.829,1.6797,1.6802,5.60,2.00
2010.06.10 18:25:08.208,1.67975,1.6802,4.80,2.00
2010.06.10 18:25:08.268,1.67975,1.6802,6.40,2.00
2010.06.10 18:25:10.669,1.67975,1.6802,6.40,1.60
2010.06.10 18:25:11.372,1.67975,1.6802,6.80,1.60
2010.06.10 18:25:11.630,1.67975,1.6802,6.40,1.60
2010.06.10 18:25:11.888,1.67975,1.6802,6.80,1.60
2010.06.10 18:25:14.571,1.67975,1.6802,6.40,1.60
2010.06.10 18:25:14.807,1.67975,1.6802,6.80,1.60
2010.06.10 18:25:18.897,1.67975,1.6802,6.90,1.60
2010.06.10 18:25:18.950,1.6798,1.6802,1.00,1.60
2010.06.10 18:25:19.305,1.6798,1.6802,1.00,1.00
2010.06.10 18:25:19.365,1.6799,1.6803,1.60,2.40
2010.06.10 18:25:19.419,1.6799,1.6803,1.60,1.00
2010.06.10 18:25:19.479,1.67995,1.6803,1.60,1.00
2010.06.10 18:25:20.151,1.67985,1.6803,1.60,1.00
2010.06.10 18:25:21.190,1.67985,1.6803,2.40,1.00
2010.06.10 18:25:21.430,1.67995,1.6803,1.60,1.00
2010.06.10 18:25:26.453,1.67995,1.68035,1.60,1.00
2010.06.10 18:25:28.190,1.68005,1.68045,1.00,6.80
2010.06.10 18:25:28.516,1.68,1.68045,2.40,2.00
2010.06.10 18:25:28.841,1.67995,1.68045,2.40,2.00
2010.06.10 18:25:32.907,1.67995,1.68045,2.40,1.60
2010.06.10 18:25:35.599,1.67995,1.68045,1.00,6.40
2010.06.10 18:25:35.809,1.67995,1.68045,1.60,6.80
2010.06.10 18:25:36.459,1.67995,1.6804,1.00,1.60
2010.06.10 18:25:43.500,1.67995,1.6804,1.60,1.60
2010.06.10 18:25:43.599,1.67995,1.6804,4.00,1.60
2010.06.10 18:25:43.699,1.67995,1.6804,2.40,1.60
2010.06.10 18:25:44.201,1.67995,1.6804,4.80,1.60
2010.06.10 18:25:44.760,1.67995,1.6804,1.00,1.60
2010.06.10 18:25:45.581,1.6799,1.6804,2.40,1.60
2010.06.10 18:25:46.171,1.67985,1.6803,4.80,1.60
2010.06.10 18:25:46.423,1.6798,1.6803,5.60,1.60
2010.06.10 18:25:47.930,1.6798,1.6803,1.00,4.00
2010.06.10 18:25:48.148,1.6798,1.6803,1.00,4.40
2010.06.10 18:25:48.259,1.6798,1.6803,1.00,6.00
2010.06.10 18:25:51.348,1.6798,1.6803,1.00,6.70
2010.06.10 18:25:55.798,1.6798,1.6803,1.00,6.40
2010.06.10 18:25:55.928,1.6798,1.6803,3.20,6.40
2010.06.10 18:25:56.386,1.6798,1.6803,5.60,2.40
2010.06.10 18:25:56.509,1.6798,1.6803,5.60,2.00
2010.06.10 18:25:56.639,1.6798,1.6803,5.60,1.60
2010.06.10 18:26:00.256,1.6798,1.6803,3.20,1.60
2010.06.10 18:26:00.942,1.67975,1.68025,4.80,1.60
2010.06.10 18:26:03.993,1.67975,1.68025,5.40,1.60
2010.06.10 18:26:04.129,1.6798,1.68025,2.40,1.60
2010.06.10 18:26:04.200,1.6798,1.68025,4.80,1.60
2010.06.10 18:26:04.846,1.6798,1.6802,2.40,1.60
2010.06.10 18:26:05.140,1.67975,1.6802,4.00,1.60
2010.06.10 18:26:06.842,1.67975,1.6802,1.60,4.00
2010.06.10 18:26:07.208,1.67975,1.6802,1.60,1.60
2010.06.10 18:26:08.268,1.67975,1.6802,1.60,4.00
2010.06.10 18:26:08.488,1.67975,1.6802,1.60,1.60
2010.06.10 18:26:09.329,1.67975,1.68015,1.60,1.00
2010.06.10 18:26:09.400,1.67975,1.68015,1.60,1.60
2010.06.10 18:26:38.311,1.67975,1.68015,1.60,6.40
2010.06.10 18:26:38.459,1.67975,1.68015,1.60,4.00
2010.06.10 18:26:38.610,1.67975,1.68015,1.60,1.60
2010.06.10 18:26:41.689,1.67965,1.68015,4.80,4.00
2010.06.10 18:26:41.909,1.67965,1.68015,2.40,4.00
2010.06.10 18:26:43.005,1.67965,1.68015,2.40,6.40
2010.06.10 18:26:43.290,1.67965,1.68015,4.80,4.00
2010.06.10 18:26:43.428,1.67965,1.68015,4.80,1.60
2010.06.10 18:26:43.953,1.67965,1.68015,7.20,1.60
2010.06.10 18:26:44.491,1.67965,1.68005,6.40,1.60
2010.06.10 18:26:45.014,1.67975,1.68005,1.60,1.60
2010.06.10 18:26:45.369,1.67975,1.6801,1.60,1.00
2010.06.10 18:26:45.714,1.67975,1.68015,3.20,1.00
2010.06.10 18:26:46.424,1.67975,1.68015,6.00,1.00
2010.06.10 18:26:46.772,1.67975,1.6802,6.00,2.40
2010.06.10 18:26:47.698,1.67985,1.6802,1.60,2.40
2010.06.10 18:26:48.308,1.67975,1.6802,6.00,2.40
2010.06.10 18:26:48.632,1.67975,1.6802,2.00,2.40
2010.06.10 18:26:49.927,1.67975,1.68015,4.00,1.20
2010.06.10 18:26:50.242,1.67975,1.6801,1.60,1.60
2010.06.10 18:26:50.550,1.6797,1.6801,1.00,1.60
2010.06.10 18:26:51.920,1.6797,1.68015,1.00,5.20
2010.06.10 18:26:52.388,1.6797,1.68015,1.00,2.80
2010.06.10 18:26:52.661,1.67975,1.68015,1.60,2.80
2010.06.10 18:26:57.779,1.67975,1.68015,1.60,2.40
2010.06.10 18:27:01.090,1.67965,1.6801,4.00,1.00
2010.06.10 18:27:02.632,1.67965,1.68005,4.00,2.50
2010.06.10 18:27:02.699,1.67965,1.68,4.00,1.60
2010.06.10 18:27:03.102,1.67965,1.68,1.60,1.60
2010.06.10 18:27:03.174,1.67955,1.6799,4.00,1.00
2010.06.10 18:27:03.250,1.67955,1.67995,4.00,2.40
2010.06.10 18:27:03.394,1.67955,1.6799,1.60,2.40
2010.06.10 18:27:03.470,1.67955,1.6799,1.60,1.60
2010.06.10 18:27:04.239,1.67955,1.6799,1.60,2.40
2010.06.10 18:27:04.586,1.67955,1.6799,1.60,1.00
2010.06.10 18:27:05.536,1.67955,1.67995,1.60,2.80
2010.06.10 18:27:07.410,1.67955,1.67995,1.60,2.40
2010.06.10 18:27:08.169,1.67955,1.67995,1.60,1.00
2010.06.10 18:27:08.689,1.67955,1.6799,1.60,1.60
2010.06.10 18:27:08.829,1.67955,1.6799,1.60,2.40
2010.06.10 18:27:09.398,1.67945,1.6799,1.60,2.40
2010.06.10 18:27:11.003,1.67945,1.67985,4.00,1.00
2010.06.10 18:27:11.954,1.67955,1.67985,1.60,1.00
2010.06.10 18:27:14.068,1.67945,1.67985,4.00,1.00
2010.06.10 18:27:15.760,1.67955,1.67985,1.60,2.40
2010.06.10 18:27:16.001,1.67945,1.6798,1.60,1.00
2010.06.10 18:27:16.545,1.67945,1.6798,1.60,1.60
2010.06.10 18:27:16.895,1.67945,1.6799,6.40,1.00
2010.06.10 18:27:17.241,1.67955,1.6799,1.60,1.00
2010.06.10 18:27:18.266,1.67955,1.6799,1.60,2.40
2010.06.10 18:27:18.570,1.67955,1.6799,1.60,1.00
2010.06.10 18:27:20.227,1.6795,1.6799,4.80,1.00
2010.06.10 18:27:20.374,1.67955,1.6799,1.60,1.00
2010.06.10 18:27:20.941,1.6795,1.6799,4.80,1.00
2010.06.10 18:27:21.947,1.67945,1.6798,1.60,1.60
2010.06.10 18:27:22.672,1.67945,1.6799,1.60,5.60
2010.06.10 18:27:22.909,1.67945,1.6799,4.00,3.20
2010.06.10 18:27:23.149,1.67945,1.6799,6.40,3.20
2010.06.10 18:27:24.989,1.67945,1.6799,4.00,3.20
2010.06.10 18:27:28.879,1.67945,1.6799,7.20,3.20
2010.06.10 18:27:28.948,1.6795,1.6799,2.40,1.60
2010.06.10 18:27:30.810,1.6795,1.6799,4.80,1.60
2010.06.10 18:27:31.120,1.67945,1.6799,6.80,1.60
2010.06.10 18:27:32.209,1.6795,1.6799,2.40,1.60
2010.06.10 18:27:33.910,1.67955,1.6799,1.60,1.60
2010.06.10 18:27:37.678,1.67955,1.6798,1.60,1.00
2010.06.10 18:27:37.981,1.6794,1.6797,1.60,3.60
2010.06.10 18:27:38.132,1.67935,1.6797,4.00,1.60
2010.06.10 18:27:38.614,1.67935,1.67985,6.40,4.90
2010.06.10 18:27:38.774,1.67935,1.67975,4.00,1.00
2010.06.10 18:27:39.078,1.67935,1.67975,6.40,1.00
2010.06.10 18:27:39.229,1.67935,1.67975,4.00,1.00
2010.06.10 18:27:39.379,1.67935,1.67975,6.40,1.00
2010.06.10 18:27:39.530,1.67935,1.67975,4.80,1.00
2010.06.10 18:27:40.349,1.67935,1.6797,1.60,2.40
2010.06.10 18:27:40.698,1.6793,1.6797,2.40,2.40
2010.06.10 18:27:40.930,1.6793,1.6797,4.80,1.00
2010.06.10 18:27:41.161,1.67935,1.6797,2.40,1.00
2010.06.10 18:27:41.391,1.6793,1.6797,4.80,1.00
2010.06.10 18:27:41.621,1.6793,1.6797,2.40,2.40
2010.06.10 18:27:41.850,1.67925,1.6797,4.80,2.40
2010.06.10 18:27:42.417,1.6793,1.6797,2.40,2.40
2010.06.10 18:27:42.762,1.67935,1.6797,2.40,2.40
2010.06.10 18:27:44.670,1.67935,1.6797,2.40,1.00
2010.06.10 18:27:45.756,1.6793,1.6797,2.40,2.40
2010.06.10 18:27:49.661,1.67925,1.6797,7.20,2.40
2010.06.10 18:27:50.770,1.67935,1.6797,1.60,2.40
2010.06.10 18:27:51.801,1.67935,1.6797,1.60,1.00
2010.06.10 18:27:52.126,1.67935,1.67975,4.00,1.00
2010.06.10 18:27:53.514,1.6795,1.67985,2.40,1.60
2010.06.10 18:27:53.630,1.6794,1.67985,4.80,1.60
2010.06.10 18:27:53.959,1.6794,1.6798,4.80,1.00
2010.06.10 18:27:54.068,1.6794,1.6798,2.40,1.00
2010.06.10 18:27:55.098,1.6794,1.6798,4.80,1.00
2010.06.10 18:28:02.022,1.6794,1.6798,2.40,1.60
2010.06.10 18:28:02.149,1.67935,1.6798,6.40,1.60
2010.06.10 18:28:02.532,1.67935,1.6798,6.40,1.00
2010.06.10 18:28:02.663,1.6794,1.6798,2.40,1.00
2010.06.10 18:28:04.229,1.6794,1.6798,4.80,1.00
2010.06.10 18:28:05.321,1.67945,1.67985,1.60,1.00
2010.06.10 18:28:05.842,1.67945,1.67985,6.40,1.00
2010.06.10 18:28:06.800,1.67945,1.67985,4.00,1.00
2010.06.10 18:28:07.140,1.67945,1.67985,6.40,1.00
2010.06.10 18:28:18.269,1.67945,1.67985,7.20,1.00
2010.06.10 18:28:18.349,1.67945,1.67995,7.20,2.40
2010.06.10 18:28:18.430,1.6795,1.67995,2.40,2.40
2010.06.10 18:28:19.129,1.6795,1.67995,4.80,1.00
2010.06.10 18:28:19.730,1.67955,1.67995,4.80,1.00
2010.06.10 18:28:20.030,1.67955,1.67995,4.80,2.40
2010.06.10 18:28:20.218,1.67955,1.67995,4.80,1.60
2010.06.10 18:28:22.469,1.67965,1.67995,1.00,1.60
2010.06.10 18:28:22.670,1.67965,1.68005,1.00,1.60
2010.06.10 18:28:23.059,1.67965,1.68005,1.00,3.20
2010.06.10 18:28:23.448,1.67965,1.67995,1.00,1.60
2010.06.10 18:28:24.449,1.67955,1.67995,5.60,1.60
2010.06.10 18:28:26.673,1.6795,1.67995,7.70,1.60
2010.06.10 18:28:26.820,1.67955,1.67995,2.40,1.60
2010.06.10 18:28:28.459,1.67955,1.68,2.40,2.00
2010.06.10 18:28:28.802,1.67975,1.68005,4.80,3.20
2010.06.10 18:28:28.922,1.67975,1.6801,4.80,1.60
2010.06.10 18:28:29.039,1.6797,1.6801,3.20,1.60
2010.06.10 18:28:29.160,1.6797,1.68015,3.20,2.00
2010.06.10 18:28:29.279,1.67975,1.68015,2.40,2.60
2010.06.10 18:28:29.723,1.67975,1.68015,2.40,1.60
2010.06.10 18:28:29.936,1.67975,1.68025,1.00,13.80
2010.06.10 18:28:30.132,1.67975,1.68015,1.00,1.60
2010.06.10 18:28:30.320,1.67975,1.68015,1.00,1.60
2010.06.10 18:28:30.770,1.6797,1.68015,1.00,1.60
2010.06.10 18:28:31.115,1.6797,1.68015,1.00,1.00
2010.06.10 18:28:34.318,1.6797,1.68015,1.00,1.00
2010.06.10 18:28:34.378,1.67975,1.68015,2.40,2.50
2010.06.10 18:28:34.608,1.6797,1.68015,3.20,1.00
2010.06.10 18:28:34.669,1.6797,1.68015,1.00,1.70
2010.06.10 18:28:34.728,1.6797,1.68015,1.00,2.80
2010.06.10 18:28:34.829,1.67965,1.68015,6.40,2.80
2010.06.10 18:28:34.889,1.67965,1.68015,5.60,2.80
2010.06.10 18:28:34.948,1.67965,1.68015,5.60,5.20
2010.06.10 18:28:35.008,1.67965,1.68015,3.20,5.20
2010.06.10 18:28:35.371,1.67965,1.68015,3.20,3.60
2010.06.10 18:28:35.651,1.6797,1.68015,5.60,1.00
2010.06.10 18:28:36.191,1.67975,1.68015,1.00,1.00
2010.06.10 18:28:36.465,1.67975,1.6802,1.00,3.20
2010.06.10 18:28:36.811,1.67975,1.6802,3.20,1.60
2010.06.10 18:28:37.839,1.67975,1.6802,3.20,1.00
2010.06.10 18:28:37.948,1.67975,1.68025,4.00,4.80
2010.06.10 18:28:43.698,1.67975,1.68025,4.00,2.40
2010.06.10 18:28:43.788,1.6798,1.68025,1.00,2.40
2010.06.10 18:28:43.896,1.67985,1.68025,1.00,1.60
2010.06.10 18:28:50.871,1.6798,1.68015,1.00,1.60
2010.06.10 18:28:51.079,1.6798,1.68015,1.00,1.60
2010.06.10 18:28:53.023,1.6798,1.68015,1.00,1.60
2010.06.10 18:28:53.265,1.67975,1.68015,3.20,1.60
2010.06.10 18:28:53.648,1.67975,1.68015,1.00,1.60
2010.06.10 18:28:53.997,1.67975,1.6802,5.60,2.80
2010.06.10 18:28:54.342,1.6798,1.6802,2.40,2.80
2010.06.10 18:28:55.118,1.67975,1.6802,5.60,2.80
2010.06.10 18:28:57.458,1.67975,1.6802,6.40,2.80
2010.06.10 18:28:57.589,1.67975,1.6802,6.40,2.00
2010.06.10 18:28:57.690,1.6798,1.6802,2.40,1.60
2010.06.10 18:28:57.788,1.6798,1.68025,3.20,4.40
2010.06.10 18:28:57.889,1.6798,1.68025,3.20,2.40
2010.06.10 18:28:57.988,1.6798,1.68025,3.20,1.60
2010.06.10 18:28:58.089,1.6798,1.68025,5.60,2.00
2010.06.10 18:28:58.279,1.6798,1.68025,3.20,2.00
2010.06.10 18:28:59.289,1.6798,1.68025,1.00,2.00
2010.06.10 18:28:59.430,1.6798,1.68025,1.00,2.40
2010.06.10 18:29:01.040,1.67975,1.68025,3.20,5.10
2010.06.10 18:29:01.168,1.67975,1.68025,1.00,7.50
2010.06.10 18:29:01.299,1.67975,1.68025,1.00,10.40
2010.06.10 18:29:01.883,1.67975,1.68025,1.00,10.50
2010.06.10 18:29:02.222,1.6797,1.68015,3.20,1.60
2010.06.10 18:29:03.240,1.6798,1.68025,1.00,8.40
2010.06.10 18:29:03.852,1.6798,1.68025,1.00,8.10
2010.06.10 18:29:04.019,1.6798,1.68025,1.00,5.70
2010.06.10 18:29:04.572,1.6798,1.68025,1.00,8.00
2010.06.10 18:29:04.753,1.6798,1.68025,1.00,8.00
2010.06.10 18:29:05.594,1.6798,1.68025,1.00,8.00
2010.06.10 18:29:05.729,1.6798,1.68025,1.00,8.00
2010.06.10 18:29:05.859,1.6798,1.68025,1.00,5.60
2010.06.10 18:29:05.990,1.6798,1.68025,1.00,8.10
2010.06.10 18:29:07.409,1.6798,1.68025,1.00,5.80
2010.06.10 18:29:07.753,1.6798,1.68025,2.40,5.80
2010.06.10 18:29:08.693,1.6798,1.68025,2.40,5.90
2010.06.10 18:29:09.723,1.6798,1.68025,2.40,6.00
2010.06.10 18:29:10.618,1.6798,1.68015,2.40,1.60
2010.06.10 18:29:11.228,1.6798,1.68015,1.00,1.60
2010.06.10 18:29:11.391,1.6798,1.68015,1.00,3.60
2010.06.10 18:29:11.561,1.6797,1.68015,5.60,3.60
2010.06.10 18:29:11.730,1.67975,1.68015,4.80,3.60
2010.06.10 18:29:12.560,1.67975,1.68015,4.80,3.70
2010.06.10 18:29:13.088,1.6797,1.68015,5.60,3.70
2010.06.10 18:29:13.231,1.6797,1.68015,5.60,1.70
2010.06.10 18:29:13.512,1.6798,1.68015,2.40,1.70
2010.06.10 18:29:13.790,1.6798,1.68015,2.40,3.70
2010.06.10 18:29:14.070,1.6797,1.68015,5.60,3.70
2010.06.10 18:29:14.848,1.6797,1.68015,5.60,3.60
2010.06.10 18:29:16.258,1.6797,1.68015,5.60,3.70
2010.06.10 18:29:18.009,1.6797,1.68015,5.60,3.60
2010.06.10 18:29:18.390,1.6797,1.68015,5.60,3.70
2010.06.10 18:29:20.758,1.6797,1.68015,5.60,3.60
2010.06.10 18:29:23.518,1.6797,1.68005,5.60,1.60
2010.06.10 18:29:29.701,1.67975,1.68005,1.00,1.60
2010.06.10 18:29:29.922,1.67975,1.68015,1.00,4.40
2010.06.10 18:29:30.140,1.67975,1.68015,1.00,3.70
2010.06.10 18:29:30.400,1.67975,1.68015,1.00,3.60
2010.06.10 18:29:31.669,1.67975,1.68015,1.00,3.70
2010.06.10 18:29:32.540,1.67975,1.68015,1.00,3.60
2010.06.10 18:29:32.919,1.67975,1.68015,1.00,3.70
2010.06.10 18:29:34.268,1.67975,1.68015,1.00,3.90
2010.06.10 18:29:34.429,1.67975,1.68015,1.00,2.10
2010.06.10 18:29:34.798,1.67975,1.68015,1.00,2.30
2010.06.10 18:29:36.320,1.67975,1.68015,1.00,1.60
2010.06.10 18:29:36.520,1.67975,1.68015,1.00,1.70
2010.06.10 18:29:37.439,1.67975,1.68015,1.00,1.60
2010.06.10 18:29:39.831,1.67975,1.68015,1.00,1.70
2010.06.10 18:29:40.189,1.67975,1.68015,1.00,1.60
2010.06.10 18:29:40.470,1.67975,1.6801,1.00,1.00
2010.06.10 18:29:40.751,1.6796,1.6801,5.60,2.00
2010.06.10 18:29:41.029,1.6796,1.68005,5.60,1.60
2010.06.10 18:29:43.350,1.6796,1.68005,6.40,1.60
2010.06.10 18:29:43.530,1.6797,1.68015,4.80,7.60
2010.06.10 18:29:43.709,1.6797,1.68015,4.80,4.90
2010.06.10 18:29:44.469,1.6797,1.68015,4.80,4.80
2010.06.10 18:29:44.672,1.6797,1.68015,4.80,3.20
2010.06.10 18:29:45.232,1.67975,1.68005,2.40,1.60
2010.06.10 18:29:45.439,1.67975,1.68005,1.00,1.60
2010.06.10 18:29:45.783,1.67975,1.68015,1.00,2.90
2010.06.10 18:29:46.463,1.67975,1.68015,2.40,2.80
2010.06.10 18:29:46.804,1.67975,1.68015,2.40,2.40
2010.06.10 18:29:47.152,1.67975,1.68005,2.40,2.00
2010.06.10 18:29:47.494,1.6796,1.68,4.80,2.40
2010.06.10 18:29:48.513,1.6796,1.6799,4.80,1.60
2010.06.10 18:29:48.760,1.67945,1.6799,4.00,1.60
2010.06.10 18:29:48.970,1.67945,1.6799,6.40,1.60
2010.06.10 18:29:49.599,1.67945,1.6799,7.20,1.60
2010.06.10 18:29:50.299,1.67945,1.6799,7.20,2.00
2010.06.10 18:29:51.359,1.67945,1.6799,7.70,2.00
2010.06.10 18:29:51.679,1.67945,1.6799,7.20,2.00
2010.06.10 18:29:53.699,1.67945,1.6799,7.20,1.60
2010.06.10 18:29:56.088,1.67945,1.6799,7.20,2.40
2010.06.10 18:29:56.189,1.67945,1.6799,2.40,3.20
2010.06.10 18:30:00.960,1.6795,1.6799,2.40,3.20
2010.06.10 18:30:01.198,1.67945,1.6799,4.00,3.20
2010.06.10 18:30:03.929,1.67945,1.6799,2.40,3.20
2010.06.10 18:30:06.068,1.67945,1.6799,4.00,3.20
2010.06.10 18:30:06.457,1.6795,1.67995,1.00,2.40
2010.06.10 18:30:06.805,1.67955,1.68,6.40,1.00
2010.06.10 18:30:09.709,1.67955,1.67995,4.80,4.00
2010.06.10 18:30:09.800,1.6795,1.67995,4.80,4.00
2010.06.10 18:30:10.580,1.6795,1.67995,4.80,2.40
2010.06.10 18:30:11.001,1.6795,1.67995,5.20,4.00
2010.06.10 18:30:11.417,1.67955,1.67995,2.40,4.00
2010.06.10 18:30:11.694,1.6795,1.67995,4.80,4.00
2010.06.10 18:30:12.483,1.6795,1.67995,4.80,2.40
2010.06.10 18:30:12.782,1.6795,1.67995,4.80,4.00
2010.06.10 18:30:13.081,1.67955,1.67995,1.00,3.20
2010.06.10 18:30:14.520,1.67955,1.67995,3.20,3.20
2010.06.10 18:30:14.618,1.67955,1.67995,1.00,3.20
2010.06.10 18:30:15.120,1.67955,1.67995,3.20,3.20
2010.06.10 18:30:15.218,1.67955,1.67995,5.60,3.20
2010.06.10 18:30:15.319,1.67955,1.67995,3.20,3.20
2010.06.10 18:30:15.419,1.67955,1.67995,1.00,3.20
2010.06.10 18:30:15.618,1.67955,1.6799,1.00,1.60
2010.06.10 18:30:15.719,1.6795,1.6799,5.60,1.60
2010.06.10 18:30:15.989,1.6795,1.6799,4.80,1.60
2010.06.10 18:30:16.259,1.6795,1.6799,2.40,1.60
2010.06.10 18:30:16.530,1.67955,1.67995,2.40,3.20
2010.06.10 18:30:16.956,1.67955,1.67995,4.80,1.60
2010.06.10 18:30:17.170,1.67955,1.67995,1.00,3.20
2010.06.10 18:30:19.069,1.67955,1.6799,1.00,1.60
2010.06.10 18:30:36.339,1.67955,1.67995,1.00,3.60
2010.06.10 18:30:39.969,1.67955,1.6799,1.00,1.60
2010.06.10 18:30:40.039,1.67955,1.6798,1.00,1.60
2010.06.10 18:30:40.864,1.6796,1.67995,1.00,2.50
2010.06.10 18:30:41.152,1.6796,1.68005,1.00,4.80
2010.06.10 18:30:41.430,1.67965,1.68005,1.00,1.00
2010.06.10 18:30:41.711,1.6797,1.68005,1.00,1.00
2010.06.10 18:30:41.990,1.6797,1.68005,1.00,1.00
2010.06.10 18:30:42.331,1.6797,1.68005,1.00,1.00
2010.06.10 18:30:44.338,1.6797,1.6801,1.00,1.00
2010.06.10 18:30:44.918,1.6797,1.68015,1.00,8.50
2010.06.10 18:30:45.363,1.67975,1.68015,1.00,8.50
2010.06.10 18:30:45.671,1.67975,1.68015,1.00,6.80
2010.06.10 18:30:46.581,1.67975,1.6801,1.00,1.00
2010.06.10 18:30:46.884,1.6797,1.68005,1.00,1.60
2010.06.10 18:30:47.321,1.6797,1.68005,1.00,3.20
2010.06.10 18:30:48.305,1.6797,1.68005,1.00,1.60
2010.06.10 18:30:53.109,1.67975,1.68005,1.00,1.60
2010.06.10 18:30:53.708,1.67975,1.68015,1.00,8.00
2010.06.10 18:30:53.964,1.67975,1.68015,1.00,8.50
2010.06.10 18:30:54.039,1.67975,1.68015,1.00,8.70
2010.06.10 18:30:54.108,1.67975,1.6801,1.00,1.60
2010.06.10 18:30:54.422,1.67975,1.6801,1.00,1.70
2010.06.10 18:30:54.488,1.67975,1.6801,1.00,1.60
2010.06.10 18:30:56.178,1.67975,1.6801,1.00,1.60
2010.06.10 18:30:56.400,1.67975,1.6801,1.00,1.60
2010.06.10 18:30:56.681,1.67975,1.68015,1.00,8.00
2010.06.10 18:30:58.868,1.67975,1.68015,1.00,8.00
2010.06.10 18:31:02.211,1.67975,1.68015,1.00,8.00
2010.06.10 18:31:02.439,1.67975,1.68015,1.00,8.00
2010.06.10 18:31:03.725,1.67975,1.68015,1.00,8.10
2010.06.10 18:31:05.238,1.67975,1.68015,1.00,8.00
2010.06.10 18:31:05.614,1.67975,1.68015,1.00,8.00
2010.06.10 18:31:09.771,1.67975,1.68015,1.00,8.00
2010.06.10 18:31:09.895,1.67975,1.68015,1.00,8.00
2010.06.10 18:31:11.868,1.67975,1.68015,1.00,8.00
2010.06.10 18:31:12.661,1.6797,1.68,1.00,1.60
2010.06.10 18:31:13.246,1.6797,1.68005,1.00,1.60
2010.06.10 18:31:15.604,1.6797,1.68,1.00,1.60
2010.06.10 18:31:16.676,1.6797,1.67995,1.00,1.60
2010.06.10 18:31:17.492,1.67975,1.68005,1.00,1.60
2010.06.10 18:31:17.832,1.67975,1.68,1.00,1.60
2010.06.10 18:31:18.352,1.67975,1.67995,1.00,1.60
2010.06.10 18:31:18.695,1.6797,1.68005,1.00,1.60
2010.06.10 18:31:20.510,1.6797,1.68005,1.00,1.70
2010.06.10 18:31:21.110,1.6797,1.67995,1.00,1.60
