2015.09.23 21:00:00.010,1.49254,1.49258,0.67,0.45
2015.09.23 21:00:00.117,1.49244,1.49253,0.37,0.94
2015.09.23 21:00:01.385,1.49235,1.49254,0.37,0.49
2015.09.23 21:00:01.823,1.49235,1.49241,0.37,0.45
2015.09.23 21:00:06.990,1.49235,1.49242,0.37,0.90
2015.09.23 21:00:07.656,1.49236,1.49242,0.37,0.90
2015.09.23 21:00:08.107,1.49239,1.49243,0.37,0.90
2015.09.23 21:00:08.208,1.49239,1.4925,0.37,0.75
2015.09.23 21:00:09.966,1.49259,1.4927,0.37,0.45
2015.09.23 21:00:10.301,1.49259,1.49264,0.37,0.90
2015.09.23 21:00:12.935,1.49266,1.49274,0.37,0.86
2015.09.23 21:00:13.265,1.49234,1.49274,0.37,0.86
2015.09.23 21:00:15.237,1.49234,1.49244,0.37,0.82
2015.09.23 21:01:08.302,1.49277,1.4942,0.75,0.75
2015.09.23 21:01:08.926,1.49277,1.49409,0.75,0.75
2015.09.23 21:01:11.125,1.49277,1.4941,0.75,0.75
2015.09.23 21:01:21.135,1.49277,1.49409,0.75,0.75
2015.09.23 21:01:23.226,1.49277,1.49415,0.75,0.75
2015.09.23 21:01:38.954,1.49277,1.49404,0.75,0.75
2015.09.23 21:01:49.845,1.49277,1.49409,0.75,0.75
2015.09.23 21:01:53.589,1.49277,1.49404,0.75,0.75
2015.09.23 21:01:55.345,1.49277,1.49414,0.75,0.75
2015.09.23 21:01:59.348,1.49277,1.49409,0.75,0.75
2015.09.23 21:02:04.505,1.49277,1.49405,1.12,0.75
2015.09.23 21:02:04.914,1.49277,1.4941,1.12,0.75
2015.09.23 21:02:11.308,1.49276,1.4941,0.75,0.75
2015.09.23 21:02:20.221,1.4928,1.4941,0.37,0.75
2015.09.23 21:02:20.599,1.49316,1.4941,0.75,0.75
2015.09.23 21:02:23.783,1.49331,1.4941,0.34,0.75
2015.09.23 21:02:23.835,1.49331,1.49419,0.34,0.75
2015.09.23 21:02:23.894,1.49342,1.49419,0.75,0.75
2015.09.23 21:02:24.723,1.49313,1.49405,0.75,0.75
2015.09.23 21:02:26.365,1.49313,1.49404,0.75,0.75
2015.09.23 21:02:28.931,1.49313,1.49405,0.75,0.75
2015.09.23 21:02:29.506,1.49313,1.49404,0.75,0.75
2015.09.23 21:02:38.134,1.49313,1.49405,0.75,0.75
2015.09.23 21:02:38.512,1.49313,1.49399,0.75,0.75
2015.09.23 21:02:43.965,1.49313,1.49394,0.75,0.75
2015.09.23 21:02:45.833,1.49313,1.49395,0.75,0.75
2015.09.23 21:02:47.814,1.49313,1.49424,0.75,0.75
2015.09.23 21:02:51.773,1.49313,1.49425,0.75,0.75
2015.09.23 21:02:56.648,1.49317,1.49439,0.75,0.75
2015.09.23 21:02:58.299,1.49326,1.49449,0.75,0.75
2015.09.23 21:03:02.115,1.49321,1.49444,0.75,0.75
2015.09.23 21:03:06.856,1.49321,1.49422,0.75,0.37
2015.09.23 21:03:15.423,1.49317,1.49405,0.75,0.75
2015.09.23 21:03:15.533,1.49317,1.4941,0.75,0.75
2015.09.23 21:03:28.480,1.49304,1.4941,0.75,0.75
2015.09.23 21:03:31.621,1.49302,1.4941,0.75,0.75
2015.09.23 21:03:32.040,1.49302,1.49405,0.75,0.75
2015.09.23 21:03:32.932,1.49302,1.49414,0.75,0.37
2015.09.23 21:03:33.093,1.49305,1.49414,0.75,0.37
2015.09.23 21:03:34.354,1.49305,1.49421,0.75,0.37
2015.09.23 21:03:35.663,1.49305,1.49415,0.75,0.75
2015.09.23 21:03:35.902,1.49299,1.49415,0.75,0.75
2015.09.23 21:03:37.456,1.49299,1.49413,0.75,0.37
2015.09.23 21:03:38.963,1.49301,1.49413,0.75,0.37
2015.09.23 21:03:39.326,1.49305,1.49413,0.75,0.37
2015.09.23 21:03:40.404,1.49305,1.4942,0.75,0.37
2015.09.23 21:03:40.505,1.49305,1.49414,0.75,0.75
2015.09.23 21:03:40.722,1.49299,1.49414,0.75,0.75
2015.09.23 21:03:43.374,1.49299,1.49413,0.75,0.37
2015.09.23 21:03:44.484,1.49297,1.49413,0.75,0.37
2015.09.23 21:03:44.585,1.49297,1.49409,0.75,0.75
2015.09.23 21:03:56.318,1.49297,1.49407,0.75,0.34
2015.09.23 21:03:56.620,1.49286,1.49369,0.75,0.37
2015.09.23 21:03:57.782,1.49286,1.49374,0.75,0.37
2015.09.23 21:04:00.623,1.49286,1.49379,0.75,0.75
2015.09.23 21:04:00.674,1.49281,1.49405,0.75,0.37
2015.09.23 21:04:00.725,1.49281,1.49409,0.75,0.75
2015.09.23 21:04:00.851,1.49261,1.49394,0.75,0.75
2015.09.23 21:04:00.902,1.49271,1.49399,0.75,0.75
2015.09.23 21:04:06.572,1.4927,1.49395,1.00,1.00
2015.09.23 21:04:10.202,1.4927,1.494,0.75,1.00
2015.09.23 21:04:10.303,1.4927,1.494,0.75,1.50
2015.09.23 21:04:10.454,1.4926,1.494,0.75,1.50
2015.09.23 21:04:12.413,1.49235,1.49385,1.50,1.00
2015.09.23 21:04:12.514,1.49235,1.49385,1.00,1.00
2015.09.23 21:04:12.665,1.49256,1.49399,1.00,1.00
2015.09.23 21:04:12.968,1.49215,1.4937,1.00,1.00
2015.09.23 21:04:13.069,1.49221,1.49369,1.00,1.00
2015.09.23 21:04:13.755,1.49201,1.49364,1.00,1.00
2015.09.23 21:04:15.372,1.49195,1.49365,1.00,1.00
2015.09.23 21:04:18.342,1.49196,1.49364,1.00,1.00
2015.09.23 21:04:25.602,1.49195,1.49365,1.00,1.00
2015.09.23 21:04:25.653,1.49195,1.49365,1.75,1.00
2015.09.23 21:04:26.521,1.49181,1.49349,1.00,1.00
2015.09.23 21:04:38.280,1.49181,1.49334,1.00,1.00
2015.09.23 21:04:39.026,1.49175,1.4933,1.75,0.75
2015.09.23 21:04:42.712,1.49229,1.4933,0.75,0.75
2015.09.23 21:04:42.763,1.49206,1.49364,1.12,1.00
2015.09.23 21:04:42.814,1.49206,1.49364,1.12,1.00
2015.09.23 21:04:43.591,1.49237,1.49364,1.00,1.00
2015.09.23 21:04:43.795,1.4919,1.49364,1.12,1.00
2015.09.23 21:04:43.846,1.4919,1.49364,1.12,1.00
2015.09.23 21:04:43.897,1.49237,1.49365,1.00,1.00
2015.09.23 21:04:44.551,1.49237,1.49364,1.00,1.00
2015.09.23 21:04:44.754,1.49198,1.49344,1.00,1.00
2015.09.23 21:04:44.855,1.492,1.4934,1.00,1.00
2015.09.23 21:04:45.843,1.49201,1.49339,1.00,1.00
2015.09.23 21:04:51.928,1.49206,1.49344,1.00,1.00
2015.09.23 21:04:52.797,1.49219,1.49344,1.00,1.00
2015.09.23 21:04:52.848,1.49219,1.49349,1.00,0.75
2015.09.23 21:04:52.899,1.49216,1.49349,1.00,0.75
2015.09.23 21:04:54.421,1.49216,1.4936,1.00,1.00
2015.09.23 21:04:57.831,1.49216,1.49359,1.00,1.00
2015.09.23 21:05:05.717,1.49216,1.49359,1.75,0.75
2015.09.23 21:05:08.378,1.49265,1.49359,1.00,0.75
2015.09.23 21:05:15.970,1.49266,1.49359,1.00,0.75
2015.09.23 21:05:16.686,1.49266,1.49364,1.75,0.75
2015.09.23 21:05:16.787,1.49266,1.49364,1.00,0.75
2015.09.23 21:05:17.015,1.49266,1.4938,1.00,1.00
2015.09.23 21:05:18.074,1.49266,1.49379,1.00,1.00
2015.09.23 21:05:19.371,1.49266,1.49374,1.00,1.00
2015.09.23 21:05:22.582,1.49266,1.4938,1.00,1.00
2015.09.23 21:05:22.734,1.49266,1.49375,1.00,1.00
2015.09.23 21:05:22.936,1.49266,1.4939,1.00,1.00
2015.09.23 21:05:32.216,1.49265,1.4939,1.00,1.00
2015.09.23 21:05:34.023,1.49265,1.49389,1.00,1.00
2015.09.23 21:05:36.772,1.49265,1.49384,1.00,1.00
2015.09.23 21:05:37.327,1.49265,1.49385,1.00,1.00
2015.09.23 21:05:42.677,1.49266,1.49385,1.00,1.00
2015.09.23 21:05:51.223,1.49266,1.49384,1.00,1.00
2015.09.23 21:06:03.296,1.49265,1.49384,1.00,1.00
2015.09.23 21:06:04.272,1.49265,1.49385,1.00,1.00
2015.09.23 21:06:06.829,1.49266,1.49385,1.00,1.00
2015.09.23 21:06:13.471,1.4924,1.49385,1.00,1.00
2015.09.23 21:06:13.522,1.49235,1.49375,1.00,1.37
2015.09.23 21:06:13.624,1.4923,1.4937,1.00,1.00
2015.09.23 21:06:14.132,1.49236,1.49374,1.00,1.12
2015.09.23 21:06:19.569,1.49236,1.49374,1.00,1.75
2015.09.23 21:06:19.923,1.49231,1.49369,1.00,1.37
2015.09.23 21:06:21.872,1.4923,1.4937,1.00,1.37
2015.09.23 21:06:23.238,1.4923,1.4937,1.00,1.37
2015.09.23 21:06:23.784,1.4923,1.4937,1.00,1.87
2015.09.23 21:06:23.886,1.4923,1.4937,1.75,1.50
2015.09.23 21:06:25.068,1.4923,1.4937,1.75,1.00
2015.09.23 21:06:25.959,1.4923,1.4937,1.75,1.00
2015.09.23 21:06:27.601,1.4923,1.4937,1.75,1.00
2015.09.23 21:06:28.201,1.4923,1.4937,1.75,1.87
2015.09.23 21:06:29.006,1.4923,1.4937,1.00,1.00
2015.09.23 21:06:29.310,1.4923,1.4937,1.75,1.00
2015.09.23 21:06:29.903,1.4923,1.4937,1.37,1.00
2015.09.23 21:06:30.065,1.4923,1.4937,1.75,1.00
2015.09.23 21:06:30.563,1.49221,1.49359,1.75,1.00
2015.09.23 21:06:30.767,1.49221,1.49359,1.75,1.00
2015.09.23 21:06:31.379,1.49221,1.49359,1.75,1.00
2015.09.23 21:06:31.481,1.49221,1.49359,1.75,1.00
2015.09.23 21:06:31.891,1.49221,1.49359,1.75,1.00
2015.09.23 21:06:32.679,1.49221,1.49359,1.75,1.00
2015.09.23 21:06:32.874,1.49221,1.49359,1.75,1.00
2015.09.23 21:06:33.283,1.49221,1.49359,1.75,1.00
2015.09.23 21:06:33.476,1.49221,1.49359,1.75,1.00
2015.09.23 21:06:34.019,1.49221,1.49359,1.75,1.00
2015.09.23 21:06:34.543,1.49221,1.49359,1.75,1.00
2015.09.23 21:06:34.696,1.49221,1.49359,1.75,1.00
2015.09.23 21:06:35.082,1.49221,1.49359,1.75,1.00
2015.09.23 21:06:36.218,1.49221,1.49359,1.75,1.00
2015.09.23 21:06:37.085,1.49221,1.49359,1.75,1.00
2015.09.23 21:06:38.654,1.49221,1.49359,1.75,1.00
2015.09.23 21:06:38.991,1.4922,1.49354,1.75,1.00
2015.09.23 21:06:39.211,1.4922,1.49355,1.75,1.00
2015.09.23 21:06:40.023,1.4922,1.49355,1.75,1.00
2015.09.23 21:06:41.047,1.4922,1.49355,1.75,1.00
2015.09.23 21:06:41.199,1.4922,1.49355,1.75,1.00
2015.09.23 21:06:42.051,1.4922,1.49355,1.75,1.00
2015.09.23 21:06:42.241,1.4922,1.49355,1.75,1.00
2015.09.23 21:06:42.903,1.4922,1.49355,1.75,1.00
2015.09.23 21:06:43.122,1.4922,1.49355,1.75,1.00
2015.09.23 21:06:43.704,1.4922,1.49355,1.75,1.00
2015.09.23 21:06:44.206,1.4922,1.49355,1.75,1.00
2015.09.23 21:06:44.613,1.4922,1.49355,1.75,1.00
2015.09.23 21:06:45.356,1.49219,1.49355,1.75,1.00
2015.09.23 21:06:45.458,1.49219,1.4933,1.75,1.00
2015.09.23 21:06:46.024,1.4922,1.4933,1.75,0.75
2015.09.23 21:06:46.412,1.4922,1.4933,1.75,0.75
2015.09.23 21:06:48.120,1.4922,1.4933,1.75,0.75
2015.09.23 21:06:48.758,1.4922,1.4933,1.75,1.00
2015.09.23 21:06:48.918,1.4922,1.4933,1.75,0.75
2015.09.23 21:06:49.220,1.4922,1.4933,1.75,0.75
2015.09.23 21:06:49.661,1.4922,1.4933,1.75,1.00
2015.09.23 21:06:50.270,1.4922,1.4933,1.75,1.00
2015.09.23 21:07:00.278,1.4922,1.49329,1.75,1.00
2015.09.23 21:07:19.623,1.4922,1.49329,1.75,1.00
2015.09.23 21:07:20.129,1.4922,1.49329,1.75,0.75
2015.09.23 21:07:20.804,1.4922,1.49329,1.75,1.00
2015.09.23 21:07:31.810,1.4922,1.49329,1.75,1.00
2015.09.23 21:07:49.962,1.49215,1.49329,1.75,1.00
2015.09.23 21:07:50.075,1.49215,1.49329,1.75,1.00
2015.09.23 21:07:50.126,1.49215,1.49334,1.75,1.00
2015.09.23 21:08:28.950,1.49219,1.49334,1.75,1.00
2015.09.23 21:08:29.051,1.49219,1.49335,1.75,1.00
2015.09.23 21:08:38.618,1.4922,1.49339,1.75,1.00
2015.09.23 21:08:50.952,1.49219,1.4934,1.75,1.00
2015.09.23 21:08:51.595,1.49219,1.49339,1.75,1.00
2015.09.23 21:09:18.260,1.4922,1.49339,1.75,1.00
2015.09.23 21:09:54.718,1.4922,1.49334,1.75,1.00
2015.09.23 21:09:59.998,1.4922,1.49335,1.75,1.00
2015.09.23 21:10:00.099,1.49221,1.49335,1.75,1.00
2015.09.23 21:10:00.151,1.49221,1.49319,2.25,1.00
2015.09.23 21:10:00.201,1.49221,1.49319,2.25,1.00
2015.09.23 21:10:00.815,1.49221,1.49319,1.75,1.00
2015.09.23 21:10:01.472,1.49221,1.49319,1.75,1.00
2015.09.23 21:10:01.986,1.49219,1.49314,1.75,1.00
2015.09.23 21:10:02.303,1.49226,1.49305,1.75,1.00
2015.09.23 21:10:03.338,1.49226,1.49305,1.75,1.00
2015.09.23 21:10:08.550,1.49226,1.49304,1.75,1.00
2015.09.23 21:10:19.864,1.49232,1.49306,1.75,1.00
2015.09.23 21:10:20.384,1.49232,1.49305,1.75,1.00
2015.09.23 21:10:20.514,1.49232,1.49307,1.75,1.00
2015.09.23 21:10:30.697,1.49229,1.4932,1.75,1.00
2015.09.23 21:10:30.748,1.49229,1.49335,1.75,1.00
2015.09.23 21:10:31.198,1.49222,1.49335,1.75,1.00
2015.09.23 21:10:39.416,1.49221,1.49335,1.75,1.00
2015.09.23 21:11:02.520,1.49221,1.49335,1.75,1.00
2015.09.23 21:11:08.176,1.49222,1.49335,1.75,1.00
2015.09.23 21:11:24.424,1.49222,1.49335,1.75,1.00
2015.09.23 21:11:25.114,1.49222,1.49334,1.75,1.00
2015.09.23 21:11:28.838,1.49268,1.49334,0.75,1.00
2015.09.23 21:11:33.585,1.49268,1.49335,0.75,1.00
2015.09.23 21:12:03.054,1.49225,1.49335,1.75,1.00
2015.09.23 21:12:03.494,1.4922,1.49335,1.75,1.00
2015.09.23 21:12:18.648,1.4922,1.49335,1.75,1.00
2015.09.23 21:12:19.108,1.49266,1.49335,0.75,1.00
2015.09.23 21:12:19.209,1.4922,1.49335,1.75,1.00
2015.09.23 21:12:19.929,1.4922,1.49335,1.75,1.00
2015.09.23 21:12:20.677,1.4922,1.49335,1.75,1.00
2015.09.23 21:12:21.925,1.4922,1.49335,1.75,1.00
2015.09.23 21:12:22.922,1.4922,1.49335,1.75,1.00
2015.09.23 21:12:24.090,1.4922,1.49335,1.75,1.00
2015.09.23 21:12:24.612,1.4922,1.49335,1.75,1.00
2015.09.23 21:12:25.242,1.4922,1.49335,1.75,1.00
2015.09.23 21:12:26.246,1.4922,1.49335,1.75,1.00
2015.09.23 21:12:27.453,1.49267,1.49335,0.75,1.00
2015.09.23 21:12:27.955,1.4922,1.49335,1.75,1.00
2015.09.23 21:12:29.382,1.49263,1.49334,0.75,1.00
2015.09.23 21:12:54.197,1.49217,1.49334,1.75,1.00
2015.09.23 21:13:34.802,1.49217,1.49334,1.75,1.00
2015.09.23 21:13:35.857,1.49263,1.49334,0.75,1.00
2015.09.23 21:13:36.174,1.49233,1.49327,1.75,1.00
2015.09.23 21:13:37.843,1.49233,1.49327,1.75,1.00
2015.09.23 21:13:40.622,1.49235,1.49326,1.75,1.00
2015.09.23 21:13:57.227,1.49233,1.49327,2.25,1.00
2015.09.23 21:13:57.574,1.49234,1.49325,1.75,1.00
2015.09.23 21:14:00.035,1.49249,1.49334,1.75,1.00
2015.09.23 21:14:00.086,1.49266,1.49345,1.75,1.00
2015.09.23 21:14:00.138,1.49274,1.49348,1.37,1.00
2015.09.23 21:14:00.189,1.49279,1.49354,1.00,1.00
2015.09.23 21:14:00.291,1.49275,1.4935,1.00,1.00
2015.09.23 21:14:00.393,1.49265,1.4935,1.00,1.00
2015.09.23 21:14:00.495,1.49256,1.49348,1.75,1.00
2015.09.23 21:14:00.874,1.49244,1.49333,1.75,1.00
2015.09.23 21:14:00.925,1.49243,1.49333,1.75,1.00
2015.09.23 21:14:00.976,1.49249,1.4934,1.37,1.00
2015.09.23 21:14:01.292,1.49249,1.49343,1.37,1.00
2015.09.23 21:14:02.121,1.49249,1.49343,1.75,1.00
2015.09.23 21:14:07.132,1.49249,1.49343,1.75,1.00
2015.09.23 21:14:07.668,1.49252,1.49344,1.75,1.00
2015.09.23 21:14:13.906,1.49252,1.49345,1.75,1.00
2015.09.23 21:14:23.931,1.49254,1.49344,1.75,1.00
2015.09.23 21:14:30.861,1.49245,1.49336,1.75,1.00
2015.09.23 21:14:38.318,1.49245,1.49334,1.75,1.00
2015.09.23 21:14:45.382,1.49247,1.49338,1.75,1.00
2015.09.23 21:14:47.622,1.49247,1.49339,1.75,1.50
2015.09.23 21:14:51.259,1.49249,1.49338,1.75,1.00
2015.09.23 21:14:51.465,1.49249,1.4934,1.75,1.00
2015.09.23 21:14:52.009,1.49251,1.49341,1.75,1.00
2015.09.23 21:14:52.577,1.49251,1.49341,1.75,1.00
2015.09.23 21:14:53.114,1.49256,1.49342,2.25,1.00
2015.09.23 21:14:53.216,1.49258,1.49345,1.75,1.00
2015.09.23 21:14:54.031,1.49261,1.49347,1.75,1.00
2015.09.23 21:15:00.811,1.49264,1.49344,1.75,1.00
2015.09.23 21:15:01.853,1.49266,1.49349,1.75,1.00
2015.09.23 21:15:02.354,1.49276,1.49361,1.75,1.00
2015.09.23 21:15:04.690,1.49276,1.49361,1.75,1.00
2015.09.23 21:15:05.825,1.49276,1.49359,1.75,1.00
2015.09.23 21:15:11.992,1.49276,1.4936,1.75,1.00
2015.09.23 21:15:15.176,1.49276,1.49359,1.75,1.00
2015.09.23 21:15:18.445,1.49277,1.49354,1.75,1.00
2015.09.23 21:15:18.971,1.49276,1.49355,1.75,1.00
2015.09.23 21:15:23.199,1.49272,1.49356,1.75,1.00
2015.09.23 21:15:23.250,1.49275,1.49359,1.75,1.00
2015.09.23 21:15:23.352,1.49275,1.49359,1.75,1.00
2015.09.23 21:15:42.145,1.49278,1.4936,1.75,1.50
2015.09.23 21:15:42.456,1.49277,1.49358,1.75,1.00
2015.09.23 21:15:51.583,1.49279,1.4936,1.75,1.00
2015.09.23 21:15:53.122,1.4928,1.49363,1.75,1.00
2015.09.23 21:15:53.325,1.4928,1.49359,1.75,1.00
2015.09.23 21:15:53.578,1.49279,1.49364,1.75,1.50
2015.09.23 21:15:54.035,1.49282,1.49364,1.75,1.50
2015.09.23 21:15:56.124,1.49282,1.49363,1.75,1.00
2015.09.23 21:15:56.663,1.49282,1.49362,1.75,1.00
2015.09.23 21:15:57.762,1.49276,1.49359,1.75,1.00
2015.09.23 21:15:57.864,1.49278,1.49362,1.75,1.00
2015.09.23 21:15:57.966,1.49276,1.49359,1.75,1.00
2015.09.23 21:16:00.320,1.49275,1.4936,1.75,1.50
2015.09.23 21:16:00.935,1.49274,1.49359,1.75,1.00
2015.09.23 21:16:01.451,1.49274,1.4936,1.75,1.00
2015.09.23 21:16:01.502,1.49278,1.49362,1.75,1.00
2015.09.23 21:16:01.604,1.49274,1.49359,1.75,1.00
2015.09.23 21:16:02.504,1.49274,1.4936,1.75,1.00
2015.09.23 21:16:03.024,1.49273,1.49361,1.75,1.00
2015.09.23 21:16:03.800,1.49274,1.4936,1.75,1.00
2015.09.23 21:16:04.345,1.49274,1.49361,1.75,1.00
2015.09.23 21:16:04.893,1.49277,1.49363,1.75,1.00
2015.09.23 21:16:05.045,1.49274,1.49359,1.75,1.00
2015.09.23 21:16:06.808,1.49278,1.49361,1.75,1.00
2015.09.23 21:16:07.134,1.49274,1.49359,1.75,1.00
2015.09.23 21:16:07.886,1.49279,1.49361,1.75,1.00
2015.09.23 21:16:07.987,1.49275,1.49359,1.75,1.00
2015.09.23 21:16:09.445,1.49278,1.49361,1.75,1.00
2015.09.23 21:16:10.297,1.49278,1.4936,1.75,1.00
2015.09.23 21:16:11.071,1.49278,1.49361,1.75,1.00
2015.09.23 21:16:15.233,1.49279,1.49362,1.75,1.00
2015.09.23 21:16:31.190,1.49278,1.49363,1.75,1.00
2015.09.23 21:16:31.704,1.49278,1.49362,1.75,1.00
2015.09.23 21:16:36.683,1.4928,1.49361,1.75,1.00
2015.09.23 21:16:40.484,1.4928,1.49361,1.75,1.00
2015.09.23 21:16:40.998,1.49279,1.49362,1.75,1.00
2015.09.23 21:16:41.727,1.4928,1.49361,1.75,1.00
2015.09.23 21:16:44.950,1.49278,1.49363,1.75,1.00
2015.09.23 21:16:45.558,1.49279,1.49362,1.75,1.00
2015.09.23 21:16:46.599,1.49278,1.49363,1.75,1.00
2015.09.23 21:16:47.417,1.49279,1.49362,1.75,1.00
2015.09.23 21:16:52.682,1.49277,1.49361,1.75,1.00
2015.09.23 21:16:59.324,1.49277,1.49361,1.00,1.00
2015.09.23 21:16:59.375,1.49276,1.49359,1.00,1.75
2015.09.23 21:17:00.359,1.49276,1.49353,1.00,1.52
2015.09.23 21:17:02.354,1.49277,1.49353,1.00,1.52
2015.09.23 21:17:02.406,1.49277,1.49356,1.00,1.09
2015.09.23 21:17:06.207,1.49278,1.49356,1.00,1.09
2015.09.23 21:17:12.375,1.49278,1.49357,1.00,1.39
2015.09.23 21:17:16.945,1.49279,1.49357,1.00,1.39
2015.09.23 21:17:20.496,1.4928,1.49357,1.00,1.39
2015.09.23 21:17:21.733,1.49277,1.49357,1.00,1.39
2015.09.23 21:17:34.136,1.49278,1.49357,1.00,1.39
2015.09.23 21:17:34.361,1.4928,1.49357,1.00,1.39
2015.09.23 21:17:34.462,1.49278,1.49357,1.00,1.39
2015.09.23 21:17:40.296,1.49279,1.49357,1.00,1.39
2015.09.23 21:17:40.520,1.49281,1.49357,1.00,1.39
2015.09.23 21:17:41.398,1.4928,1.49357,1.00,1.39
2015.09.23 21:18:00.876,1.49276,1.49357,1.00,1.39
2015.09.23 21:18:17.157,1.49278,1.49357,1.00,2.14
2015.09.23 21:18:27.898,1.49276,1.49357,1.00,1.39
2015.09.23 21:18:42.106,1.49277,1.49356,1.00,1.37
2015.09.23 21:18:46.176,1.49278,1.49357,1.00,2.14
2015.09.23 21:18:50.228,1.49276,1.49357,1.00,1.39
2015.09.23 21:18:51.100,1.49278,1.49357,1.00,2.14
2015.09.23 21:19:02.139,1.49277,1.49356,1.00,1.37
2015.09.23 21:19:15.006,1.49278,1.49356,1.00,1.37
2015.09.23 21:19:15.642,1.49279,1.49357,1.00,1.39
2015.09.23 21:19:15.694,1.49277,1.49357,1.00,2.14
2015.09.23 21:19:23.330,1.49278,1.49356,1.00,1.37
2015.09.23 21:19:23.531,1.49278,1.49353,1.00,1.42
2015.09.23 21:19:23.583,1.49272,1.49351,1.37,1.37
2015.09.23 21:19:28.112,1.49276,1.49351,1.00,1.37
2015.09.23 21:19:28.865,1.49273,1.49351,1.37,1.37
2015.09.23 21:19:34.140,1.49279,1.49352,1.00,1.37
2015.09.23 21:19:34.895,1.49274,1.49352,1.87,1.37
2015.09.23 21:19:40.929,1.49276,1.49353,1.00,1.42
2015.09.23 21:19:46.155,1.49276,1.49349,1.00,1.42
2015.09.23 21:19:51.209,1.49274,1.49349,1.50,1.42
2015.09.23 21:19:54.522,1.49275,1.49349,1.00,1.42
2015.09.23 21:19:56.201,1.49275,1.4935,1.00,1.47
2015.09.23 21:20:00.773,1.49275,1.49352,1.00,1.37
2015.09.23 21:20:06.373,1.49274,1.49351,1.00,1.37
2015.09.23 21:20:10.591,1.49274,1.49352,1.00,1.37
2015.09.23 21:20:15.035,1.49275,1.49352,1.00,1.37
2015.09.23 21:20:46.118,1.49274,1.49352,1.00,1.37
2015.09.23 21:20:48.227,1.49275,1.49352,1.00,1.37
2015.09.23 21:20:48.279,1.49275,1.49354,1.00,1.37
2015.09.23 21:20:48.992,1.49275,1.49354,1.50,1.37
2015.09.23 21:20:55.392,1.49274,1.49353,1.00,1.37
2015.09.23 21:20:55.443,1.49271,1.4935,1.00,1.37
2015.09.23 21:20:55.545,1.49273,1.49352,1.00,1.37
2015.09.23 21:20:56.219,1.49274,1.49353,1.00,1.37
2015.09.23 21:21:14.257,1.49272,1.49353,1.12,1.37
2015.09.23 21:21:19.129,1.49272,1.49351,1.12,1.37
2015.09.23 21:21:26.991,1.49271,1.49351,1.00,1.37
2015.09.23 21:21:27.754,1.49272,1.49351,1.00,1.37
2015.09.23 21:21:28.915,1.49272,1.49351,1.00,1.37
2015.09.23 21:21:38.940,1.49272,1.49351,1.00,1.37
2015.09.23 21:21:48.227,1.49275,1.49354,1.00,1.37
2015.09.23 21:21:49.550,1.49275,1.49354,1.00,1.37
2015.09.23 21:22:00.013,1.49274,1.49352,1.00,1.37
2015.09.23 21:22:02.506,1.49275,1.49353,1.00,1.37
2015.09.23 21:22:11.331,1.49274,1.49353,1.00,1.37
2015.09.23 21:22:12.077,1.49275,1.49353,1.00,1.37
2015.09.23 21:22:15.259,1.49273,1.49354,1.00,1.37
2015.09.23 21:22:15.514,1.49275,1.49353,1.00,1.37
2015.09.23 21:22:16.519,1.49274,1.49353,1.00,1.37
2015.09.23 21:22:17.040,1.49275,1.49353,1.00,1.37
2015.09.23 21:22:19.897,1.49274,1.49353,1.00,1.37
2015.09.23 21:22:28.093,1.49273,1.49352,1.00,1.37
2015.09.23 21:22:28.676,1.49274,1.49355,1.00,1.37
2015.09.23 21:22:31.230,1.49275,1.49356,1.00,1.37
2015.09.23 21:22:32.330,1.49274,1.49356,1.00,1.37
2015.09.23 21:22:32.886,1.49275,1.49354,1.00,1.37
2015.09.23 21:22:32.988,1.49273,1.49353,1.00,1.37
2015.09.23 21:22:33.718,1.49274,1.49354,1.00,1.37
2015.09.23 21:22:34.735,1.49272,1.49354,1.00,1.37
2015.09.23 21:22:34.965,1.49275,1.49353,1.00,1.37
2015.09.23 21:22:39.482,1.49273,1.49352,1.37,1.37
2015.09.23 21:22:40.221,1.49273,1.49352,1.00,1.37
2015.09.23 21:22:47.709,1.49272,1.49351,1.00,1.37
2015.09.23 21:22:48.711,1.49273,1.49351,1.00,1.37
2015.09.23 21:22:49.306,1.49273,1.49351,1.00,1.37
2015.09.23 21:22:49.825,1.49272,1.49351,1.00,1.37
2015.09.23 21:22:50.364,1.49273,1.49351,1.00,1.37
2015.09.23 21:22:52.373,1.49275,1.49353,1.00,1.37
2015.09.23 21:22:53.259,1.49273,1.49352,1.37,1.37
2015.09.23 21:22:54.139,1.49272,1.49352,1.00,1.37
2015.09.23 21:22:54.862,1.49271,1.49351,1.50,1.37
2015.09.23 21:22:59.229,1.49271,1.49351,1.50,1.37
2015.09.23 21:23:00.260,1.49272,1.49352,1.00,1.37
2015.09.23 21:23:05.088,1.49273,1.49353,1.00,1.37
2015.09.23 21:23:06.871,1.49272,1.49353,1.00,1.37
2015.09.23 21:23:07.270,1.49272,1.49353,1.75,1.37
2015.09.23 21:23:12.370,1.49273,1.49353,1.75,1.37
2015.09.23 21:23:24.800,1.49275,1.49352,2.62,1.37
2015.09.23 21:23:28.198,1.49275,1.49353,1.75,1.37
2015.09.23 21:23:41.394,1.49275,1.49352,1.12,1.37
2015.09.23 21:24:03.691,1.4927,1.4935,1.12,1.12
2015.09.23 21:24:03.844,1.49273,1.49353,1.75,1.37
2015.09.23 21:24:04.047,1.49274,1.49352,1.75,1.37
2015.09.23 21:24:04.377,1.49266,1.49346,1.75,1.00
2015.09.23 21:24:05.262,1.49266,1.49346,1.75,1.00
2015.09.23 21:24:12.898,1.49268,1.49345,1.75,1.00
2015.09.23 21:24:13.418,1.49269,1.49346,1.75,1.00
2015.09.23 21:24:14.344,1.49273,1.49348,1.75,1.00
2015.09.23 21:24:14.404,1.49273,1.49348,1.75,1.00
2015.09.23 21:24:16.940,1.49277,1.49347,1.12,1.00
2015.09.23 21:24:17.499,1.49275,1.49349,1.12,1.37
2015.09.23 21:24:19.269,1.49275,1.49348,1.12,1.37
2015.09.23 21:24:22.980,1.49277,1.49348,1.12,1.37
2015.09.23 21:24:27.892,1.49277,1.49347,1.12,1.12
2015.09.23 21:24:29.144,1.49277,1.49348,1.75,1.37
2015.09.23 21:24:33.603,1.49276,1.49348,1.75,1.37
2015.09.23 21:24:40.678,1.49274,1.49344,1.12,1.00
2015.09.23 21:24:43.677,1.49274,1.49344,1.12,1.00
2015.09.23 21:24:46.311,1.49274,1.49345,1.12,1.12
2015.09.23 21:24:46.950,1.49274,1.49344,1.12,1.00
2015.09.23 21:24:47.059,1.49272,1.49344,1.37,1.00
2015.09.23 21:24:48.987,1.49272,1.49345,1.37,1.12
2015.09.23 21:24:49.649,1.49272,1.49344,1.37,1.00
2015.09.23 21:24:50.689,1.49272,1.49344,1.37,1.37
2015.09.23 21:24:51.401,1.49272,1.49344,1.00,1.00
2015.09.23 21:24:51.452,1.49269,1.49342,1.37,1.00
2015.09.23 21:24:52.003,1.49267,1.49339,1.37,1.00
2015.09.23 21:24:52.762,1.49267,1.4934,1.00,1.00
2015.09.23 21:24:57.378,1.49266,1.49339,1.00,1.00
2015.09.23 21:24:58.714,1.49266,1.49337,1.00,1.00
2015.09.23 21:24:59.019,1.49267,1.49339,1.00,1.00
2015.09.23 21:24:59.919,1.49266,1.49339,1.50,1.00
2015.09.23 21:25:01.543,1.49267,1.49339,1.00,1.00
2015.09.23 21:25:02.393,1.49267,1.49338,1.00,1.00
2015.09.23 21:25:04.792,1.49267,1.49337,1.00,1.00
2015.09.23 21:25:11.216,1.49267,1.49337,1.37,1.00
2015.09.23 21:25:18.821,1.49267,1.49338,1.37,1.00
2015.09.23 21:25:26.085,1.49265,1.49339,1.37,1.00
2015.09.23 21:25:28.276,1.49265,1.49339,1.75,1.00
2015.09.23 21:25:28.329,1.49265,1.49339,1.50,1.00
2015.09.23 21:25:38.179,1.49267,1.49339,1.75,1.00
2015.09.23 21:25:38.281,1.49267,1.49339,1.37,1.00
2015.09.23 21:25:40.383,1.49267,1.49338,1.37,1.00
2015.09.23 21:25:48.405,1.49266,1.49338,1.00,1.00
2015.09.23 21:25:50.167,1.49266,1.49339,1.00,1.00
2015.09.23 21:25:53.077,1.49267,1.49339,1.00,1.00
2015.09.23 21:25:57.211,1.49267,1.49338,1.00,1.00
2015.09.23 21:25:57.829,1.49267,1.49339,1.00,1.00
2015.09.23 21:25:59.010,1.49265,1.49339,1.00,1.37
2015.09.23 21:25:59.924,1.49264,1.49337,1.00,1.00
2015.09.23 21:26:00.303,1.49266,1.49338,1.00,1.12
2015.09.23 21:26:01.724,1.49269,1.49338,1.00,1.12
2015.09.23 21:26:03.052,1.49269,1.49337,1.00,1.00
2015.09.23 21:26:03.604,1.49268,1.49337,1.00,1.00
2015.09.23 21:26:06.694,1.49268,1.49336,1.00,1.00
2015.09.23 21:26:07.058,1.49268,1.49336,1.37,1.00
2015.09.23 21:26:10.277,1.49281,1.49336,1.00,1.00
2015.09.23 21:26:10.583,1.49288,1.49337,1.00,1.00
2015.09.23 21:26:10.634,1.49288,1.4934,1.00,1.12
2015.09.23 21:26:11.152,1.49288,1.49341,1.00,1.00
2015.09.23 21:26:11.204,1.49288,1.49343,1.00,1.12
2015.09.23 21:26:23.326,1.49287,1.49343,1.00,1.00
2015.09.23 21:26:23.428,1.49287,1.49358,1.00,1.00
2015.09.23 21:26:23.530,1.49287,1.49364,1.00,1.37
2015.09.23 21:26:24.036,1.49288,1.49363,1.00,1.37
2015.09.23 21:26:29.558,1.49297,1.49365,1.00,1.37
2015.09.23 21:26:29.864,1.49302,1.49371,1.00,1.37
2015.09.23 21:26:29.967,1.49302,1.4937,1.00,1.12
2015.09.23 21:26:30.119,1.49304,1.49369,1.00,1.00
2015.09.23 21:26:30.426,1.49307,1.4937,1.00,1.12
2015.09.23 21:26:31.244,1.49305,1.49369,1.00,1.00
2015.09.23 21:26:31.897,1.49305,1.49368,1.00,1.00
2015.09.23 21:26:31.999,1.49302,1.4937,1.00,1.12
2015.09.23 21:26:37.826,1.493,1.49372,1.50,1.37
2015.09.23 21:26:38.130,1.49297,1.49358,1.50,1.00
2015.09.23 21:26:48.730,1.49297,1.49356,1.00,1.00
2015.09.23 21:26:59.557,1.49298,1.49356,1.00,1.00
2015.09.23 21:26:59.952,1.49298,1.49358,1.00,1.00
2015.09.23 21:27:01.213,1.49298,1.49358,1.37,1.00
2015.09.23 21:27:01.714,1.49298,1.49357,1.37,1.00
2015.09.23 21:27:06.098,1.49298,1.49357,1.37,1.00
2015.09.23 21:27:11.364,1.49298,1.49357,1.00,1.00
2015.09.23 21:27:13.438,1.49299,1.49357,1.00,1.00
2015.09.23 21:27:13.721,1.49283,1.49354,1.37,1.00
2015.09.23 21:27:13.772,1.49275,1.49351,1.12,1.00
2015.09.23 21:27:14.076,1.49271,1.49351,1.00,1.00
2015.09.23 21:27:14.229,1.49269,1.49349,1.87,1.00
2015.09.23 21:27:14.673,1.49269,1.49347,1.87,1.00
2015.09.23 21:27:15.364,1.49269,1.49348,1.87,1.00
2015.09.23 21:27:16.033,1.49269,1.49348,1.87,1.00
2015.09.23 21:27:16.564,1.49269,1.49348,1.87,1.00
2015.09.23 21:27:19.858,1.49269,1.49348,1.87,1.00
2015.09.23 21:27:27.204,1.4927,1.49348,1.00,1.00
2015.09.23 21:27:42.160,1.4927,1.49348,1.37,1.00
2015.09.23 21:27:46.998,1.49273,1.49348,1.37,1.00
2015.09.23 21:27:48.410,1.49273,1.49348,1.37,1.00
2015.09.23 21:27:49.185,1.49273,1.49348,1.37,1.00
2015.09.23 21:27:50.989,1.49273,1.49348,1.37,1.00
2015.09.23 21:27:53.930,1.4927,1.49348,1.87,1.00
2015.09.23 21:27:55.056,1.4927,1.49346,1.00,1.00
2015.09.23 21:27:58.414,1.4927,1.49346,1.12,1.37
2015.09.23 21:28:05.919,1.49273,1.49346,1.00,1.37
2015.09.23 21:28:06.283,1.49273,1.49346,1.37,1.37
2015.09.23 21:28:08.282,1.49273,1.49346,1.37,1.37
2015.09.23 21:28:08.936,1.49273,1.49346,1.37,1.37
2015.09.23 21:28:10.127,1.49273,1.49346,1.37,1.37
2015.09.23 21:28:14.263,1.49273,1.49346,1.37,1.37
2015.09.23 21:28:18.871,1.49272,1.49348,1.37,1.37
2015.09.23 21:28:19.888,1.49272,1.49348,1.37,1.37
2015.09.23 21:28:21.149,1.49272,1.49348,1.37,1.37
2015.09.23 21:28:25.964,1.49273,1.49346,1.37,1.37
2015.09.23 21:28:26.965,1.49274,1.49346,1.00,1.37
2015.09.23 21:28:28.279,1.4927,1.49346,1.12,1.37
2015.09.23 21:28:38.797,1.49269,1.49346,1.50,1.37
2015.09.23 21:28:39.114,1.49269,1.49346,1.87,1.37
2015.09.23 21:28:39.734,1.49269,1.49346,1.87,1.37
2015.09.23 21:28:40.519,1.49269,1.49346,1.87,1.37
2015.09.23 21:28:48.220,1.49269,1.49347,1.87,1.37
2015.09.23 21:28:50.155,1.49269,1.49347,1.37,1.37
2015.09.23 21:28:56.420,1.49274,1.49347,1.12,1.37
2015.09.23 21:29:02.141,1.49269,1.49345,1.00,1.37
2015.09.23 21:29:04.833,1.49269,1.49345,1.00,1.12
2015.09.23 21:29:08.744,1.49269,1.49345,1.57,1.12
2015.09.23 21:29:24.264,1.49269,1.49346,2.25,1.00
2015.09.23 21:29:24.366,1.49271,1.4935,1.37,1.00
2015.09.23 21:29:24.469,1.49274,1.49347,1.37,1.00
2015.09.23 21:29:24.838,1.49274,1.49347,1.37,1.00
2015.09.23 21:29:25.761,1.49271,1.49347,1.39,1.00
2015.09.23 21:29:35.775,1.49272,1.49347,1.42,1.00
2015.09.23 21:30:02.981,1.49272,1.49345,1.42,1.00
2015.09.23 21:30:05.770,1.49269,1.49345,2.17,1.00
2015.09.23 21:30:15.779,1.4927,1.49345,1.31,1.00
2015.09.23 21:30:27.065,1.4927,1.49343,1.62,1.00
2015.09.23 21:30:27.929,1.4927,1.49344,1.62,1.00
2015.09.23 21:30:51.704,1.49267,1.49344,1.12,1.00
2015.09.23 21:31:01.064,1.49268,1.49344,1.00,1.00
2015.09.23 21:31:01.865,1.49268,1.49343,1.00,1.00
2015.09.23 21:31:02.563,1.49266,1.49342,1.00,1.00
2015.09.23 21:31:04.902,1.49264,1.49339,1.87,1.00
2015.09.23 21:31:05.435,1.49263,1.49336,1.37,1.00
2015.09.23 21:31:07.277,1.49263,1.49336,1.87,1.00
2015.09.23 21:31:07.537,1.49261,1.49336,1.12,1.00
2015.09.23 21:31:11.405,1.49262,1.49337,1.00,1.00
2015.09.23 21:31:23.516,1.49262,1.49335,1.50,1.00
2015.09.23 21:31:31.192,1.49262,1.49337,1.50,1.00
2015.09.23 21:31:57.811,1.49262,1.49336,1.00,1.00
2015.09.23 21:31:59.998,1.49262,1.49337,1.50,1.00
2015.09.23 21:32:08.056,1.49262,1.49334,1.50,1.00
2015.09.23 21:32:09.180,1.49262,1.49334,1.87,1.00
2015.09.23 21:32:19.094,1.49262,1.49334,1.37,1.00
2015.09.23 21:32:29.189,1.49262,1.49334,1.37,1.00
2015.09.23 21:32:29.848,1.49264,1.49335,1.37,1.00
2015.09.23 21:32:58.384,1.49263,1.49333,1.00,1.00
2015.09.23 21:33:00.373,1.49261,1.49333,1.50,1.00
2015.09.23 21:33:07.196,1.49262,1.49331,1.00,1.00
2015.09.23 21:33:08.955,1.49263,1.49332,1.00,1.00
2015.09.23 21:33:09.777,1.49262,1.49332,1.00,1.00
2015.09.23 21:33:17.028,1.49263,1.49332,1.00,1.00
2015.09.23 21:33:31.311,1.49262,1.49331,1.50,1.00
2015.09.23 21:33:31.515,1.49263,1.49333,1.00,1.00
2015.09.23 21:33:31.988,1.49265,1.49336,1.00,1.00
2015.09.23 21:33:32.203,1.49265,1.49334,1.00,1.00
2015.09.23 21:33:32.510,1.49262,1.49333,1.00,1.00
2015.09.23 21:33:32.612,1.49264,1.49334,1.00,1.00
2015.09.23 21:33:32.947,1.49266,1.49338,1.00,1.00
2015.09.23 21:33:33.418,1.49269,1.49344,1.00,1.37
2015.09.23 21:33:35.710,1.4927,1.49347,1.37,1.37
2015.09.23 21:33:36.014,1.49281,1.49348,1.00,1.52
2015.09.23 21:33:36.274,1.49279,1.49348,1.00,1.52
2015.09.23 21:33:36.722,1.49277,1.49348,1.00,1.52
2015.09.23 21:33:36.832,1.49277,1.49351,1.00,1.52
2015.09.23 21:33:41.171,1.49277,1.49353,1.00,1.95
2015.09.23 21:33:42.468,1.49277,1.49353,1.00,1.86
2015.09.23 21:33:42.519,1.49275,1.49351,1.00,1.61
2015.09.23 21:33:42.719,1.49277,1.49353,1.00,1.86
2015.09.23 21:33:42.834,1.49275,1.49353,1.00,1.86
2015.09.23 21:33:42.987,1.49277,1.49353,1.00,1.86
2015.09.23 21:33:44.361,1.49277,1.4935,1.00,1.47
2015.09.23 21:33:44.413,1.49274,1.4935,1.00,1.95
2015.09.23 21:33:45.332,1.49271,1.4935,1.00,1.95
2015.09.23 21:33:46.839,1.49273,1.4935,1.00,1.95
2015.09.23 21:33:47.344,1.49272,1.49349,1.00,1.37
2015.09.23 21:33:48.144,1.49273,1.4935,1.00,1.95
2015.09.23 21:33:48.690,1.49275,1.49357,1.00,1.00
2015.09.23 21:33:48.793,1.49273,1.49359,1.00,1.37
2015.09.23 21:33:48.844,1.49273,1.49359,1.75,1.37
2015.09.23 21:33:49.680,1.49272,1.49359,2.25,1.37
2015.09.23 21:33:50.274,1.49272,1.49359,2.25,1.37
2015.09.23 21:33:50.808,1.49271,1.4936,2.25,1.87
2015.09.23 21:33:51.544,1.49271,1.4936,1.87,1.87
2015.09.23 21:33:51.697,1.49274,1.49366,1.00,1.00
2015.09.23 21:33:52.001,1.49271,1.49382,1.37,1.00
2015.09.23 21:33:52.052,1.49271,1.49382,1.00,1.00
2015.09.23 21:33:52.154,1.49277,1.49397,1.00,1.00
2015.09.23 21:33:52.697,1.49277,1.49397,1.37,1.00
2015.09.23 21:33:52.843,1.49283,1.494,1.00,1.00
2015.09.23 21:33:59.801,1.49274,1.494,1.50,1.00
2015.09.23 21:34:00.174,1.49285,1.494,1.00,1.00
2015.09.23 21:34:10.573,1.49285,1.49399,1.00,1.00
2015.09.23 21:34:15.725,1.49284,1.49399,1.00,1.00
2015.09.23 21:34:17.225,1.49284,1.49399,1.00,1.37
2015.09.23 21:34:17.745,1.4928,1.494,1.00,1.37
2015.09.23 21:34:18.003,1.4928,1.494,1.00,1.00
2015.09.23 21:34:18.365,1.49281,1.49406,1.00,1.00
2015.09.23 21:34:20.710,1.49281,1.49406,1.00,1.37
2015.09.23 21:34:20.910,1.49281,1.49406,1.00,1.37
2015.09.23 21:34:22.185,1.49281,1.49406,1.00,1.37
2015.09.23 21:34:28.424,1.49281,1.49406,1.00,1.37
2015.09.23 21:34:28.942,1.49282,1.49406,1.00,1.37
2015.09.23 21:34:29.456,1.49282,1.49406,1.00,1.37
2015.09.23 21:34:29.977,1.49282,1.49406,1.00,1.37
2015.09.23 21:34:31.031,1.49281,1.49408,1.00,1.37
2015.09.23 21:34:31.133,1.49284,1.49414,1.00,1.37
2015.09.23 21:34:31.348,1.49284,1.49414,1.00,1.37
2015.09.23 21:34:31.550,1.49284,1.49414,1.00,1.37
2015.09.23 21:34:35.280,1.49284,1.49414,1.00,1.37
2015.09.23 21:34:39.615,1.49272,1.49414,1.37,1.37
2015.09.23 21:34:45.252,1.49272,1.49414,1.37,1.37
2015.09.23 21:34:51.273,1.49272,1.49414,1.37,1.37
2015.09.23 21:34:55.268,1.49272,1.49414,1.12,1.37
2015.09.23 21:34:57.470,1.49271,1.49411,1.37,1.05
2015.09.23 21:34:58.171,1.49271,1.4941,1.75,1.37
2015.09.23 21:34:58.997,1.49271,1.4941,1.75,1.37
2015.09.23 21:35:00.287,1.4927,1.4941,2.25,1.37
2015.09.23 21:35:03.619,1.4927,1.49412,1.37,1.01
2015.09.23 21:35:06.289,1.49271,1.49414,1.37,1.42
2015.09.23 21:35:06.907,1.49271,1.49414,1.00,1.42
2015.09.23 21:35:08.971,1.49271,1.49416,1.00,1.01
2015.09.23 21:35:10.354,1.4927,1.49416,1.00,1.47
2015.09.23 21:35:11.018,1.4927,1.49419,1.00,1.75
2015.09.23 21:35:14.883,1.4927,1.49419,1.00,1.97
2015.09.23 21:35:14.934,1.49272,1.49414,1.00,1.75
2015.09.23 21:35:15.650,1.49271,1.49414,1.00,1.75
2015.09.23 21:35:16.149,1.49277,1.49411,1.00,1.90
2015.09.23 21:35:26.120,1.49277,1.49407,1.00,1.39
2015.09.23 21:35:35.344,1.49278,1.49407,1.00,1.39
2015.09.23 21:35:35.963,1.49276,1.49407,1.00,1.39
2015.09.23 21:35:36.474,1.49276,1.49406,1.00,1.01
2015.09.23 21:35:39.796,1.49278,1.49406,1.00,1.01
2015.09.23 21:35:40.471,1.49276,1.49406,1.00,1.01
2015.09.23 21:35:45.921,1.49275,1.49406,1.00,1.01
2015.09.23 21:35:50.930,1.49276,1.49406,1.00,1.01
2015.09.23 21:36:00.387,1.49276,1.49409,1.50,1.37
2015.09.23 21:36:00.489,1.49276,1.49409,1.50,1.37
2015.09.23 21:36:00.918,1.49276,1.4941,1.50,1.37
2015.09.23 21:36:01.479,1.49276,1.4941,1.50,1.37
2015.09.23 21:36:02.678,1.49276,1.49403,1.00,1.37
2015.09.23 21:36:10.877,1.49275,1.49404,1.00,1.37
2015.09.23 21:36:11.929,1.49274,1.49406,1.00,1.37
2015.09.23 21:36:12.691,1.49274,1.49406,1.00,1.37
2015.09.23 21:36:19.905,1.49273,1.494,1.00,1.12
2015.09.23 21:36:22.041,1.49272,1.494,1.00,1.12
2015.09.23 21:36:29.881,1.49273,1.49399,1.00,1.00
2015.09.23 21:36:31.527,1.49273,1.49399,1.00,1.37
2015.09.23 21:36:32.502,1.49275,1.49404,1.00,1.37
2015.09.23 21:36:33.403,1.49274,1.49406,1.00,1.65
2015.09.23 21:36:33.517,1.49274,1.49406,1.00,1.37
2015.09.23 21:36:42.908,1.49275,1.49404,1.00,1.37
2015.09.23 21:36:43.117,1.4927,1.49388,1.00,1.00
2015.09.23 21:36:43.519,1.49272,1.4941,1.00,1.37
2015.09.23 21:36:49.760,1.49272,1.4941,1.00,1.00
2015.09.23 21:36:50.305,1.49272,1.49409,1.00,1.12
2015.09.23 21:36:50.356,1.49272,1.49409,1.00,1.37
2015.09.23 21:36:51.039,1.49272,1.4941,1.00,1.37
2015.09.23 21:36:51.649,1.49272,1.4941,1.00,1.37
2015.09.23 21:36:52.246,1.49272,1.4941,1.00,1.37
2015.09.23 21:36:54.009,1.49271,1.49411,1.00,1.37
2015.09.23 21:36:56.724,1.49271,1.49403,1.00,1.37
2015.09.23 21:37:03.301,1.49272,1.49403,1.00,1.37
2015.09.23 21:37:04.470,1.49271,1.49403,1.00,1.37
2015.09.23 21:37:06.668,1.49271,1.49404,1.00,1.67
2015.09.23 21:37:07.469,1.49271,1.49394,1.00,1.37
2015.09.23 21:37:08.129,1.49264,1.49394,1.50,1.37
2015.09.23 21:37:15.305,1.49265,1.49394,1.00,1.37
2015.09.23 21:37:28.631,1.49264,1.49394,1.00,1.37
2015.09.23 21:37:35.967,1.49265,1.49394,1.00,1.37
2015.09.23 21:37:45.744,1.49265,1.49394,1.37,1.37
2015.09.23 21:38:05.428,1.49265,1.49394,1.75,1.37
2015.09.23 21:38:06.708,1.49265,1.49394,1.75,1.37
2015.09.23 21:38:12.818,1.49271,1.49394,1.37,1.37
2015.09.23 21:38:32.368,1.49271,1.4939,1.37,1.00
2015.09.23 21:38:32.718,1.49271,1.4939,1.75,1.00
2015.09.23 21:38:54.986,1.49272,1.4939,1.37,1.00
2015.09.23 21:39:13.666,1.49273,1.49389,1.37,1.00
2015.09.23 21:39:30.845,1.49272,1.49389,1.00,1.00
2015.09.23 21:39:31.823,1.49273,1.49389,1.00,1.00
2015.09.23 21:39:33.984,1.49275,1.4939,1.00,1.00
2015.09.23 21:39:39.764,1.49274,1.4939,1.12,1.00
2015.09.23 21:39:49.770,1.49275,1.4939,1.00,1.00
2015.09.23 21:40:04.419,1.49274,1.4939,1.12,1.00
2015.09.23 21:40:13.858,1.49274,1.49389,1.12,1.00
2015.09.23 21:40:25.491,1.49275,1.49389,1.00,1.00
2015.09.23 21:40:30.615,1.49269,1.49389,1.50,1.00
2015.09.23 21:40:36.510,1.49268,1.49389,1.75,1.00
2015.09.23 21:40:43.113,1.49269,1.494,1.75,1.37
2015.09.23 21:40:43.170,1.49278,1.49399,1.00,1.47
2015.09.23 21:40:44.414,1.49278,1.49395,1.00,1.37
2015.09.23 21:40:47.458,1.49278,1.49399,1.37,1.37
2015.09.23 21:40:52.687,1.49278,1.49394,1.37,1.37
2015.09.23 21:40:59.913,1.49278,1.49404,1.37,1.50
2015.09.23 21:41:10.452,1.49276,1.49403,1.37,1.67
2015.09.23 21:41:47.802,1.49276,1.494,1.00,1.37
2015.09.23 21:41:48.137,1.49276,1.49394,1.50,1.00
2015.09.23 21:41:48.591,1.49276,1.49394,1.00,1.00
2015.09.23 21:41:49.073,1.49276,1.49389,1.00,1.00
2015.09.23 21:41:50.891,1.49276,1.49389,1.00,1.37
2015.09.23 21:41:51.880,1.49288,1.49394,1.00,1.37
2015.09.23 21:41:55.024,1.49288,1.49394,1.00,1.37
2015.09.23 21:41:58.402,1.49288,1.49393,1.00,1.46
2015.09.23 21:42:00.504,1.49286,1.49402,1.75,1.47
2015.09.23 21:42:01.446,1.49286,1.49403,1.75,1.47
2015.09.23 21:42:02.946,1.4929,1.49399,1.00,1.37
2015.09.23 21:42:03.001,1.4929,1.49399,1.00,1.90
2015.09.23 21:42:12.824,1.4929,1.49393,1.00,1.46
2015.09.23 21:42:21.559,1.49281,1.49393,1.00,1.46
2015.09.23 21:42:22.589,1.49272,1.49361,1.00,1.00
2015.09.23 21:42:22.920,1.49272,1.49359,1.00,1.00
2015.09.23 21:42:23.277,1.49272,1.49357,1.00,1.00
2015.09.23 21:42:23.727,1.49273,1.49355,1.00,1.00
2015.09.23 21:42:29.630,1.49271,1.49355,1.50,1.00
2015.09.23 21:42:30.492,1.49272,1.49356,1.00,1.00
2015.09.23 21:42:30.543,1.49273,1.49354,1.00,1.00
2015.09.23 21:42:39.861,1.49273,1.49355,1.00,1.00
2015.09.23 21:42:40.790,1.49274,1.49355,1.00,1.00
2015.09.23 21:42:49.991,1.49274,1.49356,1.00,1.00
2015.09.23 21:42:59.142,1.49272,1.49356,1.00,1.00
2015.09.23 21:42:59.709,1.49273,1.49357,1.00,1.00
2015.09.23 21:43:00.112,1.49273,1.49355,1.00,1.00
2015.09.23 21:43:03.849,1.49272,1.49355,1.00,1.00
2015.09.23 21:43:11.915,1.49272,1.49353,1.00,1.00
2015.09.23 21:43:12.441,1.49272,1.49354,1.00,1.00
2015.09.23 21:43:12.492,1.49272,1.49356,1.00,1.00
2015.09.23 21:43:12.543,1.49271,1.49354,1.50,1.00
2015.09.23 21:43:12.866,1.49273,1.49354,1.00,1.00
2015.09.23 21:43:15.223,1.49274,1.49356,1.00,1.00
2015.09.23 21:43:29.689,1.49274,1.49355,1.00,1.00
2015.09.23 21:43:31.229,1.49273,1.49354,1.00,1.00
2015.09.23 21:43:35.633,1.49274,1.49356,1.00,1.00
2015.09.23 21:43:37.575,1.49275,1.49355,1.00,1.00
2015.09.23 21:43:45.969,1.49275,1.49356,1.00,1.00
2015.09.23 21:43:49.560,1.49275,1.49358,1.00,1.00
2015.09.23 21:43:51.258,1.49276,1.49358,1.00,1.00
2015.09.23 21:43:53.124,1.49276,1.49357,1.00,1.00
2015.09.23 21:43:55.897,1.49275,1.49356,1.00,1.00
2015.09.23 21:43:56.513,1.49276,1.49357,1.00,1.00
2015.09.23 21:43:57.019,1.49276,1.49356,1.00,1.00
2015.09.23 21:44:00.269,1.49276,1.49357,1.00,1.00
2015.09.23 21:44:00.818,1.49275,1.49358,1.00,1.00
2015.09.23 21:44:03.731,1.49275,1.49357,1.00,1.00
2015.09.23 21:44:04.347,1.49275,1.49356,1.00,1.00
2015.09.23 21:44:05.108,1.49276,1.49357,1.00,1.00
2015.09.23 21:44:06.360,1.49275,1.49355,1.00,1.00
2015.09.23 21:44:09.322,1.49275,1.49356,1.00,1.00
2015.09.23 21:44:09.989,1.49274,1.49356,1.00,1.00
2015.09.23 21:44:18.231,1.49274,1.49357,1.00,1.00
2015.09.23 21:44:18.970,1.49276,1.49356,1.00,1.00
2015.09.23 21:44:19.834,1.49276,1.49357,1.00,1.00
2015.09.23 21:44:21.281,1.49275,1.49358,1.00,1.00
2015.09.23 21:44:21.433,1.49276,1.4936,1.00,1.12
2015.09.23 21:44:22.202,1.49277,1.49362,1.00,1.37
2015.09.23 21:44:28.096,1.49277,1.49364,1.00,1.00
2015.09.23 21:44:28.356,1.49276,1.49366,1.00,1.00
2015.09.23 21:44:28.538,1.49278,1.49366,1.00,1.00
2015.09.23 21:44:28.691,1.4928,1.49371,1.00,1.00
2015.09.23 21:44:29.495,1.4928,1.4937,1.00,1.00
2015.09.23 21:44:30.437,1.4928,1.49371,1.00,1.00
2015.09.23 21:44:30.872,1.49278,1.4937,1.00,1.00
2015.09.23 21:44:33.715,1.49277,1.49372,1.00,1.00
2015.09.23 21:44:33.965,1.49277,1.4937,1.00,1.00
2015.09.23 21:44:34.375,1.49277,1.49372,1.00,1.00
2015.09.23 21:44:34.480,1.49262,1.49379,1.50,1.37
2015.09.23 21:44:34.987,1.49262,1.49379,1.50,1.37
2015.09.23 21:44:43.037,1.49262,1.49379,1.75,1.37
2015.09.23 21:44:43.690,1.49264,1.49379,1.00,1.37
2015.09.23 21:44:44.196,1.49262,1.49379,1.75,1.37
2015.09.23 21:44:45.022,1.49261,1.49379,2.25,1.37
2015.09.23 21:44:46.698,1.49264,1.49379,1.00,1.37
2015.09.23 21:44:47.516,1.49262,1.49379,1.75,1.37
2015.09.23 21:44:48.502,1.49264,1.49379,1.00,1.37
2015.09.23 21:44:49.359,1.49262,1.49379,1.37,1.37
2015.09.23 21:44:50.225,1.49276,1.49369,1.00,1.00
2015.09.23 21:44:50.545,1.49278,1.4937,1.00,1.00
2015.09.23 21:44:50.764,1.49276,1.49369,1.00,1.00
2015.09.23 21:44:51.549,1.49276,1.49368,1.00,1.00
2015.09.23 21:44:51.652,1.49278,1.4937,1.00,1.00
2015.09.23 21:44:51.753,1.49276,1.49369,1.00,1.00
2015.09.23 21:44:52.555,1.49278,1.4937,1.00,1.00
2015.09.23 21:44:52.779,1.49276,1.49369,1.00,1.00
2015.09.23 21:44:53.508,1.49275,1.49369,1.00,1.00
2015.09.23 21:44:54.035,1.49275,1.4937,1.00,1.00
2015.09.23 21:44:54.087,1.49276,1.49368,1.00,1.00
2015.09.23 21:44:54.608,1.49277,1.49369,1.00,1.00
2015.09.23 21:44:55.095,1.49277,1.49367,1.00,1.00
2015.09.23 21:44:55.274,1.49276,1.4937,1.00,1.00
2015.09.23 21:44:55.527,1.49276,1.49368,1.00,1.00
2015.09.23 21:44:56.075,1.49277,1.49368,1.00,1.00
2015.09.23 21:44:56.378,1.49276,1.4937,1.00,1.00
2015.09.23 21:44:57.002,1.49274,1.49368,1.00,1.00
2015.09.23 21:44:57.347,1.49276,1.49369,1.00,1.00
2015.09.23 21:44:59.057,1.49274,1.49369,1.00,1.00
2015.09.23 21:44:59.571,1.49275,1.4937,1.00,1.00
2015.09.23 21:44:59.672,1.49275,1.49368,1.00,1.00
2015.09.23 21:45:00.004,1.49275,1.4937,1.00,1.00
2015.09.23 21:45:00.265,1.49275,1.49369,1.50,1.00
2015.09.23 21:45:00.368,1.49262,1.49385,2.25,1.37
2015.09.23 21:45:01.398,1.49262,1.49385,1.75,1.37
2015.09.23 21:45:04.598,1.49263,1.49385,1.75,1.37
2015.09.23 21:45:05.272,1.49276,1.49369,1.37,1.00
2015.09.23 21:45:05.433,1.4927,1.49385,1.75,1.37
2015.09.23 21:45:06.455,1.4927,1.49385,1.75,1.37
2015.09.23 21:45:11.007,1.4927,1.49384,1.75,1.37
2015.09.23 21:45:14.023,1.4927,1.49379,1.75,1.00
2015.09.23 21:45:19.437,1.4927,1.49379,1.75,1.00
2015.09.23 21:45:34.945,1.4927,1.49379,1.75,1.00
2015.09.23 21:45:44.200,1.4927,1.49379,1.75,1.37
2015.09.23 21:45:54.220,1.4927,1.49379,1.75,1.37
2015.09.23 21:45:57.295,1.4927,1.49385,1.75,1.37
2015.09.23 21:46:03.481,1.4927,1.49385,1.75,1.37
2015.09.23 21:46:08.299,1.49265,1.49385,1.12,1.37
2015.09.23 21:46:27.028,1.49265,1.49385,1.12,1.37
2015.09.23 21:46:29.574,1.49261,1.49384,2.25,1.37
2015.09.23 21:46:39.550,1.49271,1.49389,1.75,1.37
2015.09.23 21:46:49.758,1.49271,1.49389,1.75,1.76
2015.09.23 21:46:53.162,1.49271,1.49389,1.75,1.76
2015.09.23 21:46:56.970,1.49271,1.49379,1.75,1.00
2015.09.23 21:47:21.162,1.49271,1.49379,1.75,1.00
2015.09.23 21:47:30.115,1.49269,1.49379,1.75,1.00
2015.09.23 21:47:33.057,1.49269,1.49379,1.75,1.00
2015.09.23 21:48:06.601,1.49269,1.49379,1.75,1.12
2015.09.23 21:48:07.105,1.49269,1.49379,1.75,1.12
2015.09.23 21:48:08.339,1.49269,1.49379,1.75,1.12
2015.09.23 21:48:12.731,1.49269,1.49385,1.75,1.37
2015.09.23 21:48:14.096,1.49269,1.49389,1.75,1.37
2015.09.23 21:48:25.818,1.49266,1.4939,2.25,1.37
2015.09.23 21:48:39.078,1.49267,1.4939,2.25,1.37
2015.09.23 21:48:40.181,1.49267,1.4939,2.25,1.37
2015.09.23 21:48:40.706,1.49267,1.4939,1.75,1.37
2015.09.23 21:48:43.612,1.49267,1.4939,2.25,1.37
2015.09.23 21:48:44.378,1.49269,1.4939,1.75,1.37
2015.09.23 21:48:46.579,1.4927,1.4939,1.75,1.37
2015.09.23 21:48:47.021,1.49267,1.4939,1.75,1.37
2015.09.23 21:48:47.122,1.4927,1.4939,1.75,1.37
2015.09.23 21:48:47.529,1.49278,1.4939,1.37,1.37
2015.09.23 21:48:48.161,1.49278,1.4939,1.50,1.37
2015.09.23 21:48:53.461,1.49278,1.4939,1.75,1.37
2015.09.23 21:48:59.543,1.49278,1.4939,1.75,1.37
2015.09.23 21:48:59.645,1.49278,1.4939,1.75,1.37
2015.09.23 21:49:23.832,1.49279,1.49389,1.75,1.37
2015.09.23 21:49:34.129,1.49279,1.49389,1.75,1.37
2015.09.23 21:49:58.477,1.49279,1.49389,1.75,1.37
2015.09.23 21:49:59.904,1.49279,1.4939,1.75,1.42
2015.09.23 21:50:00.881,1.49279,1.49388,1.75,1.42
2015.09.23 21:50:01.933,1.49279,1.49386,1.75,1.67
2015.09.23 21:50:02.918,1.49279,1.49384,1.75,1.57
2015.09.23 21:50:22.912,1.4928,1.49393,1.75,1.31
2015.09.23 21:50:34.608,1.4928,1.49393,1.75,1.31
2015.09.23 21:51:34.774,1.49279,1.49393,1.75,1.31
2015.09.23 21:52:35.034,1.49278,1.49393,1.75,1.84
2015.09.23 21:52:52.299,1.49289,1.49393,1.75,1.84
2015.09.23 21:52:52.663,1.4929,1.49393,1.75,1.84
2015.09.23 21:52:53.543,1.4929,1.49384,1.75,1.62
2015.09.23 21:52:56.344,1.4929,1.49384,1.75,1.62
2015.09.23 21:53:08.635,1.49302,1.49384,1.75,1.67
2015.09.23 21:53:08.686,1.49302,1.49389,1.75,1.47
2015.09.23 21:53:09.548,1.49302,1.49388,1.75,1.39
2015.09.23 21:53:10.549,1.49302,1.49389,1.75,1.57
2015.09.23 21:53:12.532,1.49302,1.49389,1.75,1.57
2015.09.23 21:53:13.973,1.49303,1.49389,1.75,1.57
2015.09.23 21:53:36.311,1.49299,1.49389,2.62,1.57
2015.09.23 21:53:46.993,1.49299,1.49387,1.00,1.54
2015.09.23 21:53:47.044,1.49289,1.49387,1.37,1.54
2015.09.23 21:53:47.355,1.4928,1.49387,1.75,1.54
2015.09.23 21:53:50.379,1.4928,1.49387,1.75,2.12
2015.09.23 21:53:57.977,1.4928,1.49387,1.75,2.12
2015.09.23 21:53:58.394,1.49282,1.49365,1.37,1.01
2015.09.23 21:53:58.446,1.49282,1.49365,1.00,1.01
2015.09.23 21:54:04.641,1.4927,1.49365,2.25,1.01
2015.09.23 21:54:06.450,1.49271,1.49362,1.75,1.46
2015.09.23 21:54:09.173,1.49271,1.49362,1.75,1.46
2015.09.23 21:54:11.475,1.49271,1.49361,1.75,1.47
2015.09.23 21:54:12.213,1.49271,1.49354,1.75,1.37
2015.09.23 21:54:13.314,1.49272,1.49355,1.75,1.37
2015.09.23 21:54:14.092,1.49273,1.49354,1.12,1.50
2015.09.23 21:54:14.674,1.49265,1.49361,1.12,1.85
2015.09.23 21:54:18.683,1.49264,1.49359,1.87,1.12
2015.09.23 21:54:22.467,1.49264,1.49361,1.12,1.85
2015.09.23 21:54:23.019,1.49264,1.49358,1.12,1.12
2015.09.23 21:54:25.337,1.49263,1.49357,1.75,1.12
2015.09.23 21:54:34.353,1.49265,1.49358,1.12,1.12
2015.09.23 21:54:36.316,1.49265,1.49361,1.12,1.85
2015.09.23 21:54:39.346,1.49263,1.49358,1.75,1.12
2015.09.23 21:54:44.372,1.49264,1.49361,1.12,1.85
2015.09.23 21:54:45.818,1.49267,1.49361,1.75,1.95
2015.09.23 21:54:47.147,1.49268,1.49361,1.75,1.12
2015.09.23 21:54:47.709,1.49265,1.49361,1.87,1.12
2015.09.23 21:54:48.222,1.49265,1.49356,1.87,1.50
2015.09.23 21:54:48.339,1.49265,1.49356,1.12,1.37
2015.09.23 21:54:48.938,1.49266,1.49361,1.75,1.46
2015.09.23 21:54:52.377,1.49264,1.4936,1.12,1.12
2015.09.23 21:54:53.487,1.49265,1.49362,1.12,1.12
2015.09.23 21:54:58.364,1.49266,1.49362,1.75,1.12
2015.09.23 21:55:01.983,1.49265,1.4937,1.75,1.67
2015.09.23 21:55:02.085,1.49273,1.49387,1.75,1.24
2015.09.23 21:55:02.500,1.49273,1.49388,1.00,1.46
2015.09.23 21:55:02.551,1.49269,1.49388,1.00,1.46
2015.09.23 21:55:03.138,1.49269,1.49389,1.00,1.61
2015.09.23 21:55:03.474,1.49269,1.4939,1.75,2.29
2015.09.23 21:55:04.000,1.4927,1.49389,1.37,1.67
2015.09.23 21:55:04.503,1.4927,1.49387,1.75,1.75
2015.09.23 21:55:05.006,1.4927,1.49387,1.37,1.50
2015.09.23 21:55:06.512,1.4927,1.49385,1.37,1.37
2015.09.23 21:55:08.182,1.4927,1.49385,1.37,1.50
2015.09.23 21:55:08.245,1.4927,1.49385,1.00,1.37
2015.09.23 21:55:13.453,1.4927,1.49359,1.00,1.00
2015.09.23 21:55:13.606,1.4927,1.49385,1.00,1.37
2015.09.23 21:55:23.820,1.4927,1.4936,1.00,1.00
2015.09.23 21:55:24.127,1.4927,1.49358,1.00,1.00
2015.09.23 21:55:25.809,1.4927,1.49359,1.00,1.00
2015.09.23 21:55:27.346,1.4927,1.4936,1.50,1.00
2015.09.23 21:55:27.448,1.4927,1.4936,1.00,1.00
2015.09.23 21:55:27.584,1.4927,1.49357,1.00,1.00
2015.09.23 21:55:29.560,1.4927,1.49359,1.00,1.00
2015.09.23 21:55:30.156,1.4927,1.49358,1.00,1.00
2015.09.23 21:55:31.388,1.4927,1.49359,1.00,1.00
2015.09.23 21:55:31.906,1.4927,1.49358,1.00,1.00
2015.09.23 21:55:31.957,1.4927,1.49359,1.50,1.00
2015.09.23 21:55:32.291,1.4927,1.49357,1.50,1.00
2015.09.23 21:55:32.420,1.4927,1.49357,1.00,1.00
2015.09.23 21:55:32.522,1.4927,1.4936,1.00,1.00
2015.09.23 21:55:32.726,1.4927,1.49357,1.00,1.00
2015.09.23 21:55:33.397,1.4927,1.49359,1.00,1.00
2015.09.23 21:55:33.611,1.4927,1.49357,1.00,1.00
2015.09.23 21:55:34.809,1.4927,1.49356,1.00,1.00
2015.09.23 21:55:35.343,1.4927,1.49359,1.00,1.00
2015.09.23 21:55:35.603,1.4927,1.49357,1.00,1.00
2015.09.23 21:55:35.915,1.4927,1.49359,1.00,1.00
2015.09.23 21:55:36.139,1.4927,1.49354,1.00,1.00
2015.09.23 21:55:36.968,1.4927,1.49355,1.00,1.00
2015.09.23 21:55:37.335,1.4927,1.49358,1.00,1.00
2015.09.23 21:55:37.544,1.4927,1.49356,1.00,1.00
2015.09.23 21:55:38.649,1.4927,1.49357,1.00,1.00
2015.09.23 21:55:39.023,1.4927,1.49355,1.00,1.00
2015.09.23 21:55:39.602,1.4927,1.49357,1.00,1.00
2015.09.23 21:55:39.653,1.4927,1.49355,1.00,1.00
2015.09.23 21:55:41.418,1.4927,1.49357,1.00,1.00
2015.09.23 21:55:41.986,1.4927,1.49356,1.00,1.00
2015.09.23 21:55:42.163,1.4927,1.49354,1.00,1.00
2015.09.23 21:55:42.403,1.4927,1.49358,1.00,1.00
2015.09.23 21:55:42.876,1.4927,1.49357,1.37,1.00
2015.09.23 21:55:42.981,1.4927,1.49359,1.00,1.00
2015.09.23 21:55:43.332,1.4927,1.49358,1.50,1.00
2015.09.23 21:55:43.384,1.4927,1.49361,1.50,1.00
2015.09.23 21:55:43.435,1.4927,1.49361,1.00,1.00
2015.09.23 21:55:43.969,1.4927,1.4936,1.00,1.00
2015.09.23 21:55:44.143,1.4927,1.49358,1.00,1.00
2015.09.23 21:55:44.396,1.4927,1.49361,1.00,1.00
2015.09.23 21:55:44.629,1.4927,1.49359,1.00,1.00
2015.09.23 21:55:44.959,1.4927,1.49361,1.00,1.00
2015.09.23 21:55:45.171,1.4927,1.49359,1.00,1.00
2015.09.23 21:55:45.681,1.4927,1.4936,1.00,1.00
2015.09.23 21:55:47.013,1.4927,1.49359,1.00,1.00
2015.09.23 21:55:47.329,1.4927,1.49359,1.37,1.00
2015.09.23 21:55:47.481,1.4927,1.49361,1.37,1.00
2015.09.23 21:55:47.685,1.4927,1.49359,1.37,1.00
2015.09.23 21:55:48.090,1.4927,1.49359,1.00,1.00
2015.09.23 21:55:48.142,1.4927,1.49382,1.00,1.37
2015.09.23 21:55:49.691,1.4927,1.49382,1.37,1.37
2015.09.23 21:55:49.793,1.4927,1.49382,1.00,1.37
2015.09.23 21:55:49.895,1.4927,1.49382,1.50,1.37
2015.09.23 21:55:50.156,1.4927,1.49382,1.00,1.37
2015.09.23 21:55:56.488,1.4927,1.49359,1.00,1.00
2015.09.23 21:55:56.825,1.4927,1.49357,1.00,1.00
2015.09.23 21:55:56.927,1.4927,1.49359,1.00,1.00
2015.09.23 21:55:57.145,1.4927,1.49357,1.00,1.00
2015.09.23 21:55:57.820,1.4927,1.49359,1.75,1.00
2015.09.23 21:55:57.871,1.4927,1.49359,1.12,1.00
2015.09.23 21:55:58.884,1.4927,1.4936,1.00,1.00
2015.09.23 21:55:59.410,1.4927,1.49359,1.00,1.00
2015.09.23 21:56:00.887,1.4927,1.49361,1.37,1.00
2015.09.23 21:56:01.192,1.4927,1.49386,1.00,1.37
2015.09.23 21:56:01.792,1.4927,1.49386,1.37,1.37
2015.09.23 21:56:02.197,1.4927,1.49386,1.00,1.37
2015.09.23 21:56:02.248,1.4926,1.49386,1.75,1.37
2015.09.23 21:56:02.299,1.49269,1.49387,1.50,1.37
2015.09.23 21:56:02.692,1.49269,1.49387,1.00,1.37
2015.09.23 21:56:02.744,1.49262,1.49387,1.37,1.37
2015.09.23 21:56:02.795,1.4927,1.49387,1.50,1.37
2015.09.23 21:56:03.100,1.4927,1.49387,1.00,1.37
2015.09.23 21:56:09.005,1.4927,1.49386,1.37,1.37
2015.09.23 21:56:09.106,1.4927,1.49386,1.00,1.37
2015.09.23 21:56:09.323,1.4927,1.49355,1.00,1.00
2015.09.23 21:56:09.576,1.4927,1.49386,1.00,1.37
2015.09.23 21:56:11.345,1.4927,1.49357,1.00,1.00
2015.09.23 21:56:13.217,1.4927,1.49358,1.00,1.00
2015.09.23 21:56:14.054,1.4927,1.49356,1.00,1.00
2015.09.23 21:56:14.374,1.4927,1.49354,1.00,1.00
2015.09.23 21:56:14.426,1.4927,1.49356,1.00,1.00
2015.09.23 21:56:14.816,1.4927,1.49354,1.00,1.00
2015.09.23 21:56:15.429,1.4927,1.49355,1.00,1.00
2015.09.23 21:56:16.378,1.4927,1.49354,1.00,1.00
2015.09.23 21:56:16.480,1.4927,1.49357,1.00,1.00
2015.09.23 21:56:16.693,1.4927,1.49354,1.00,1.00
2015.09.23 21:56:17.352,1.4927,1.49357,1.12,1.00
2015.09.23 21:56:18.343,1.4927,1.49358,1.00,1.00
2015.09.23 21:56:18.897,1.4927,1.49359,1.00,1.00
2015.09.23 21:56:19.414,1.49259,1.49338,1.75,1.00
2015.09.23 21:56:20.036,1.49255,1.49338,1.87,1.00
2015.09.23 21:56:20.464,1.49258,1.4934,1.75,1.00
2015.09.23 21:56:20.667,1.49258,1.49338,1.75,1.00
2015.09.23 21:56:21.040,1.49254,1.49339,2.25,1.00
2015.09.23 21:56:21.576,1.49258,1.49338,1.75,1.00
2015.09.23 21:56:22.427,1.49256,1.49338,1.75,1.00
2015.09.23 21:56:22.954,1.49257,1.49339,1.75,1.00
2015.09.23 21:56:24.225,1.49257,1.49338,1.75,1.00
2015.09.23 21:56:24.430,1.49257,1.4934,1.75,1.00
2015.09.23 21:56:24.661,1.49257,1.49338,1.75,1.00
2015.09.23 21:56:26.670,1.49257,1.49338,1.75,1.00
2015.09.23 21:56:27.061,1.49266,1.49339,1.75,1.00
2015.09.23 21:56:27.563,1.49262,1.49339,1.75,1.00
2015.09.23 21:56:28.067,1.49261,1.4934,1.75,1.00
2015.09.23 21:56:28.118,1.49267,1.4934,1.75,1.00
2015.09.23 21:56:28.556,1.49267,1.49339,1.75,1.00
2015.09.23 21:56:29.203,1.49262,1.49338,2.25,1.00
2015.09.23 21:56:29.457,1.49266,1.4934,1.75,1.00
2015.09.23 21:56:29.559,1.49268,1.4934,1.75,1.00
2015.09.23 21:56:29.610,1.49269,1.49344,1.75,1.00
2015.09.23 21:56:29.661,1.49269,1.49344,1.75,1.00
2015.09.23 21:56:29.966,1.49267,1.49341,1.75,1.00
2015.09.23 21:56:30.118,1.49263,1.49343,1.75,1.00
2015.09.23 21:56:30.372,1.4927,1.49341,1.75,1.00
2015.09.23 21:56:30.917,1.4927,1.49341,1.75,1.00
2015.09.23 21:56:31.743,1.4927,1.49341,1.37,1.00
2015.09.23 21:56:31.845,1.49271,1.49342,1.75,1.00
2015.09.23 21:56:32.047,1.49263,1.49342,1.75,1.00
2015.09.23 21:56:32.152,1.49268,1.49343,1.75,1.00
2015.09.23 21:56:32.456,1.4927,1.49342,1.75,1.00
2015.09.23 21:56:33.635,1.49267,1.49344,1.75,1.00
2015.09.23 21:56:33.737,1.4927,1.49344,1.75,1.00
2015.09.23 21:56:34.067,1.4927,1.49342,1.75,1.00
2015.09.23 21:56:34.118,1.4927,1.49345,1.75,1.00
2015.09.23 21:56:34.292,1.4927,1.49343,1.75,1.00
2015.09.23 21:56:34.973,1.4927,1.49342,1.75,1.00
2015.09.23 21:56:35.176,1.49262,1.49342,1.75,1.00
2015.09.23 21:56:36.176,1.49266,1.49341,1.75,1.00
2015.09.23 21:56:36.233,1.49264,1.49341,1.75,1.00
2015.09.23 21:56:36.453,1.4926,1.49341,1.75,1.00
2015.09.23 21:56:36.555,1.49258,1.49341,1.75,1.00
2015.09.23 21:56:36.961,1.49259,1.49342,1.75,1.00
2015.09.23 21:56:37.410,1.49259,1.49339,1.75,1.00
2015.09.23 21:56:38.187,1.49259,1.49338,1.75,1.00
2015.09.23 21:56:38.472,1.49259,1.4934,1.75,1.00
2015.09.23 21:56:39.014,1.4926,1.49339,1.75,1.00
2015.09.23 21:56:40.824,1.4926,1.49338,1.75,1.00
2015.09.23 21:56:42.151,1.4926,1.4934,1.75,1.00
2015.09.23 21:56:42.356,1.4926,1.49339,1.75,1.00
2015.09.23 21:56:42.835,1.4926,1.49338,1.75,1.00
2015.09.23 21:56:43.662,1.49255,1.4934,1.87,1.00
2015.09.23 21:56:43.866,1.49255,1.49338,1.87,1.00
2015.09.23 21:56:45.177,1.4926,1.49338,1.75,1.00
2015.09.23 21:56:45.717,1.4926,1.49339,1.75,1.00
2015.09.23 21:56:46.483,1.49258,1.49338,1.75,1.00
2015.09.23 21:56:47.729,1.4926,1.49339,1.75,1.00
2015.09.23 21:56:48.033,1.4926,1.49338,1.75,1.00
2015.09.23 21:56:49.166,1.4926,1.49337,1.75,1.00
2015.09.23 21:56:50.072,1.49261,1.49339,1.75,1.00
2015.09.23 21:56:50.730,1.49261,1.49341,1.75,1.00
2015.09.23 21:56:50.933,1.4926,1.49338,1.75,1.00
2015.09.23 21:56:51.151,1.4926,1.4934,1.75,1.00
2015.09.23 21:56:51.343,1.4926,1.49338,1.75,1.00
2015.09.23 21:56:51.702,1.49257,1.49339,1.75,1.00
2015.09.23 21:56:52.662,1.49257,1.49338,1.75,1.00
2015.09.23 21:56:52.713,1.49257,1.49338,1.75,1.00
2015.09.23 21:56:53.255,1.4926,1.4934,1.75,1.00
2015.09.23 21:56:53.432,1.4926,1.49337,1.75,1.00
2015.09.23 21:56:53.810,1.4926,1.49339,1.75,1.00
2015.09.23 21:56:53.912,1.49257,1.49339,1.75,1.00
2015.09.23 21:56:54.013,1.49261,1.49339,1.75,1.00
2015.09.23 21:56:54.884,1.49256,1.49339,1.75,1.00
2015.09.23 21:56:55.192,1.49256,1.49337,1.75,1.00
2015.09.23 21:56:55.672,1.49256,1.49337,1.75,1.00
2015.09.23 21:56:55.790,1.49257,1.49339,1.75,1.00
2015.09.23 21:56:56.865,1.49257,1.49338,1.75,1.00
2015.09.23 21:56:56.922,1.49261,1.4934,1.75,1.00
2015.09.23 21:56:57.358,1.49261,1.49337,1.75,1.00
2015.09.23 21:56:58.301,1.49261,1.4934,1.75,1.00
2015.09.23 21:56:59.069,1.4926,1.49338,1.75,1.00
2015.09.23 21:57:00.142,1.4926,1.4934,1.75,1.00
2015.09.23 21:57:00.521,1.49261,1.49338,1.75,1.00
2015.09.23 21:57:00.714,1.4926,1.4934,1.75,1.00
2015.09.23 21:57:01.542,1.4926,1.49337,1.75,1.00
2015.09.23 21:57:02.232,1.49261,1.49339,1.75,1.00
2015.09.23 21:57:02.335,1.49256,1.49339,1.75,1.00
2015.09.23 21:57:02.437,1.49261,1.49339,1.75,1.00
2015.09.23 21:57:03.385,1.49261,1.49338,1.75,1.00
2015.09.23 21:57:04.323,1.49255,1.4934,2.25,1.00
2015.09.23 21:57:04.426,1.49261,1.4934,1.75,1.00
2015.09.23 21:57:04.759,1.49261,1.49337,1.75,1.00
2015.09.23 21:57:06.547,1.49259,1.49337,1.75,1.00
2015.09.23 21:57:06.742,1.49259,1.49339,1.75,1.00
2015.09.23 21:57:07.362,1.49258,1.49338,1.75,1.00
2015.09.23 21:57:07.892,1.49258,1.49337,1.75,1.00
2015.09.23 21:57:08.317,1.49255,1.4934,1.75,1.00
2015.09.23 21:57:08.419,1.49259,1.49336,1.75,1.00
2015.09.23 21:57:09.154,1.49259,1.49337,1.75,1.00
2015.09.23 21:57:09.721,1.49259,1.49338,1.75,1.00
2015.09.23 21:57:10.222,1.49258,1.49337,1.75,1.00
2015.09.23 21:57:10.273,1.49258,1.49339,1.75,1.00
2015.09.23 21:57:10.482,1.49259,1.49337,1.75,1.00
2015.09.23 21:57:11.325,1.49259,1.49337,1.75,1.00
2015.09.23 21:57:11.833,1.49254,1.49338,2.25,1.00
2015.09.23 21:57:12.476,1.49254,1.49337,2.25,1.00
2015.09.23 21:57:12.973,1.49254,1.49337,1.75,1.00
2015.09.23 21:57:13.832,1.49259,1.49338,1.75,1.00
2015.09.23 21:57:15.133,1.49254,1.49339,1.75,1.00
2015.09.23 21:57:15.542,1.49255,1.49339,1.75,1.00
2015.09.23 21:57:15.643,1.49258,1.49339,1.75,1.00
2015.09.23 21:57:16.138,1.49258,1.49338,1.75,1.00
2015.09.23 21:57:16.443,1.4926,1.49335,1.75,1.00
2015.09.23 21:57:16.545,1.49259,1.49337,1.75,1.00
2015.09.23 21:57:16.752,1.49255,1.49335,2.25,1.00
2015.09.23 21:57:17.549,1.4926,1.49338,1.75,1.00
2015.09.23 21:57:17.742,1.49255,1.49335,2.25,1.00
2015.09.23 21:57:19.453,1.49255,1.49335,2.25,1.00
2015.09.23 21:57:19.859,1.49255,1.49334,1.75,1.00
2015.09.23 21:57:21.035,1.49255,1.49335,1.75,1.00
2015.09.23 21:57:21.560,1.49255,1.49336,1.75,1.00
2015.09.23 21:57:21.713,1.49255,1.49333,1.75,1.00
2015.09.23 21:57:22.242,1.49255,1.49334,1.75,1.00
2015.09.23 21:57:23.315,1.49258,1.49335,1.75,1.00
2015.09.23 21:57:23.512,1.49255,1.49334,1.75,1.00
2015.09.23 21:57:24.873,1.49255,1.49334,1.75,1.00
2015.09.23 21:57:24.974,1.49255,1.49335,1.75,1.00
2015.09.23 21:57:25.374,1.49255,1.49334,1.75,1.00
2015.09.23 21:57:26.159,1.49255,1.49336,1.75,1.00
2015.09.23 21:57:26.214,1.49255,1.49334,1.75,1.00
2015.09.23 21:57:26.417,1.49255,1.49334,1.75,1.00
2015.09.23 21:57:26.469,1.49255,1.49336,1.75,1.00
2015.09.23 21:57:26.622,1.49287,1.49336,1.00,1.00
2015.09.23 21:57:26.774,1.4927,1.49354,1.75,1.00
2015.09.23 21:57:26.826,1.4927,1.49354,1.00,1.00
2015.09.23 21:57:26.877,1.49273,1.49361,1.00,1.00
2015.09.23 21:57:27.236,1.49271,1.4936,1.00,1.00
2015.09.23 21:57:27.468,1.49271,1.49363,1.00,1.00
2015.09.23 21:57:27.642,1.49271,1.4936,1.00,1.00
2015.09.23 21:57:28.063,1.4927,1.49351,1.00,1.00
2015.09.23 21:57:28.568,1.4927,1.49355,1.00,1.00
2015.09.23 21:57:28.765,1.4927,1.49352,1.00,1.00
2015.09.23 21:57:28.972,1.4927,1.49354,1.00,1.00
2015.09.23 21:57:29.199,1.4927,1.49351,1.00,1.00
2015.09.23 21:57:29.999,1.4927,1.49352,1.00,1.00
2015.09.23 21:57:30.952,1.4927,1.49355,1.00,1.00
2015.09.23 21:57:31.161,1.4927,1.49353,1.00,1.00
2015.09.23 21:57:31.665,1.4927,1.49354,1.00,1.00
2015.09.23 21:57:32.316,1.4927,1.49353,1.00,1.00
2015.09.23 21:57:32.958,1.4927,1.49355,1.00,1.00
2015.09.23 21:57:33.059,1.4927,1.49353,1.00,1.00
2015.09.23 21:57:34.902,1.4927,1.49354,1.00,1.00
2015.09.23 21:57:35.256,1.4927,1.49346,1.00,1.00
2015.09.23 21:57:35.307,1.49259,1.49346,1.87,1.00
2015.09.23 21:57:35.358,1.49259,1.49346,1.00,1.00
2015.09.23 21:57:35.879,1.49256,1.49346,1.37,1.00
2015.09.23 21:57:35.930,1.49253,1.49343,1.00,1.00
2015.09.23 21:57:37.035,1.49253,1.49341,1.00,1.00
2015.09.23 21:57:39.520,1.49255,1.49343,1.00,1.00
2015.09.23 21:57:39.672,1.49253,1.49342,1.00,1.00
2015.09.23 21:57:40.731,1.49253,1.49341,1.00,1.00
2015.09.23 21:57:40.885,1.49255,1.49343,1.00,1.00
2015.09.23 21:57:41.193,1.49253,1.49341,1.00,1.00
2015.09.23 21:57:41.767,1.49254,1.49341,1.00,1.00
2015.09.23 21:57:41.877,1.49252,1.49341,1.00,1.00
2015.09.23 21:57:42.207,1.49254,1.49343,1.00,1.00
2015.09.23 21:57:42.607,1.49254,1.49346,1.00,1.00
2015.09.23 21:57:42.976,1.49255,1.49343,1.00,1.00
2015.09.23 21:57:44.251,1.49254,1.49346,1.00,1.00
2015.09.23 21:57:44.472,1.49255,1.49343,1.00,1.00
2015.09.23 21:57:44.802,1.49255,1.49346,1.00,1.00
2015.09.23 21:57:45.168,1.49254,1.49344,1.00,1.00
2015.09.23 21:57:45.806,1.49256,1.49345,1.00,1.00
2015.09.23 21:57:46.011,1.49254,1.49344,1.00,1.00
2015.09.23 21:57:46.414,1.49254,1.49346,1.00,1.00
2015.09.23 21:57:46.566,1.49254,1.49344,1.00,1.00
2015.09.23 21:57:47.794,1.49255,1.49345,1.00,1.00
2015.09.23 21:57:48.125,1.49255,1.49343,1.00,1.00
2015.09.23 21:57:50.216,1.49255,1.49344,1.00,1.00
2015.09.23 21:57:51.296,1.49255,1.49343,1.00,1.00
2015.09.23 21:57:51.551,1.49255,1.49346,1.00,1.00
2015.09.23 21:57:51.756,1.49255,1.49343,1.00,1.00
2015.09.23 21:57:53.302,1.49255,1.49346,1.00,1.00
2015.09.23 21:57:53.506,1.49254,1.49344,1.00,1.00
2015.09.23 21:57:54.303,1.49256,1.49344,1.00,1.00
2015.09.23 21:57:55.031,1.49255,1.49345,1.00,1.00
2015.09.23 21:57:55.521,1.49255,1.49343,1.00,1.00
2015.09.23 21:57:56.606,1.49256,1.49344,1.00,1.00
2015.09.23 21:57:57.190,1.49255,1.49343,1.00,1.00
2015.09.23 21:57:57.242,1.49255,1.49346,1.00,1.00
2015.09.23 21:57:57.463,1.49254,1.49344,1.00,1.00
2015.09.23 21:57:58.267,1.49255,1.49345,1.00,1.00
2015.09.23 21:57:59.024,1.49255,1.49343,1.00,1.00
2015.09.23 21:57:59.227,1.49256,1.49345,1.00,1.00
2015.09.23 21:57:59.481,1.49254,1.49344,1.00,1.00
2015.09.23 21:58:00.250,1.49256,1.49344,1.00,1.00
2015.09.23 21:58:01.014,1.49255,1.49343,1.00,1.00
2015.09.23 21:58:01.234,1.49256,1.49345,1.00,1.00
2015.09.23 21:58:01.437,1.49254,1.49344,1.00,1.00
2015.09.23 21:58:02.248,1.49255,1.49345,1.00,1.00
2015.09.23 21:58:02.965,1.49254,1.49344,1.00,1.00
2015.09.23 21:58:03.198,1.49256,1.49345,1.00,1.00
2015.09.23 21:58:03.654,1.49256,1.49347,1.00,1.00
2015.09.23 21:58:03.857,1.49256,1.49343,1.00,1.00
2015.09.23 21:58:04.740,1.49255,1.49344,1.00,1.00
2015.09.23 21:58:05.499,1.49255,1.49344,1.37,1.00
2015.09.23 21:58:05.601,1.49255,1.49346,1.00,1.00
2015.09.23 21:58:05.855,1.49256,1.49344,1.00,1.00
2015.09.23 21:58:06.747,1.49256,1.49343,1.00,1.00
2015.09.23 21:58:07.712,1.49255,1.49346,1.00,1.00
2015.09.23 21:58:08.035,1.49255,1.49343,1.00,1.00
2015.09.23 21:58:09.137,1.49257,1.49343,1.00,1.00
2015.09.23 21:58:09.817,1.49257,1.49346,1.00,1.00
2015.09.23 21:58:09.919,1.49257,1.49344,1.00,1.00
2015.09.23 21:58:10.223,1.49256,1.49342,1.00,1.00
2015.09.23 21:58:10.325,1.49256,1.49344,1.00,1.00
2015.09.23 21:58:10.541,1.49256,1.49342,1.00,1.00
2015.09.23 21:58:11.642,1.49257,1.49343,1.00,1.00
2015.09.23 21:58:13.044,1.49255,1.49343,1.12,1.00
2015.09.23 21:58:13.677,1.49256,1.49342,1.00,1.00
2015.09.23 21:58:14.185,1.49255,1.49341,1.12,1.00
2015.09.23 21:58:15.305,1.49253,1.49342,1.37,1.00
2015.09.23 21:58:15.508,1.49254,1.49339,1.37,1.00
2015.09.23 21:58:15.979,1.49254,1.49342,1.37,1.00
2015.09.23 21:58:16.183,1.49254,1.4934,1.37,1.00
2015.09.23 21:58:17.142,1.49252,1.49337,1.37,1.00
2015.09.23 21:58:17.296,1.49252,1.4934,1.37,1.00
2015.09.23 21:58:17.516,1.49251,1.49338,1.37,1.00
2015.09.23 21:58:18.930,1.49253,1.49338,1.00,1.00
2015.09.23 21:58:19.393,1.49251,1.49338,1.00,1.00
2015.09.23 21:58:20.483,1.49252,1.49338,1.00,1.00
2015.09.23 21:58:20.687,1.4925,1.49338,1.00,1.00
2015.09.23 21:58:21.137,1.49252,1.4934,1.00,1.00
2015.09.23 21:58:21.689,1.49251,1.49339,1.00,1.00
2015.09.23 21:58:23.241,1.49255,1.49339,1.50,1.00
2015.09.23 21:58:23.546,1.49258,1.49339,1.00,1.00
2015.09.23 21:58:25.138,1.49257,1.49333,2.62,1.00
2015.09.23 21:58:25.654,1.49258,1.49336,1.37,1.00
2015.09.23 21:58:25.857,1.49257,1.49339,2.62,1.00
2015.09.23 21:58:26.371,1.49258,1.4934,1.37,1.00
2015.09.23 21:58:27.076,1.49258,1.49341,1.37,1.00
2015.09.23 21:58:27.843,1.49257,1.49342,2.62,1.00
2015.09.23 21:58:29.510,1.49258,1.49343,1.37,1.00
2015.09.23 21:58:31.015,1.49258,1.49345,1.37,1.00
2015.09.23 21:58:31.421,1.49258,1.49346,1.37,1.00
2015.09.23 21:58:31.573,1.49258,1.4935,1.37,1.00
2015.09.23 21:58:31.624,1.49258,1.4935,1.75,1.00
2015.09.23 21:58:31.675,1.49257,1.49352,2.25,1.00
2015.09.23 21:58:31.726,1.49257,1.49352,2.25,1.00
2015.09.23 21:58:32.237,1.49268,1.49353,1.75,1.00
2015.09.23 21:58:35.892,1.49267,1.49354,3.00,1.00
2015.09.23 21:58:38.040,1.49268,1.49353,1.75,1.00
2015.09.23 21:58:38.485,1.49267,1.49355,3.00,1.00
2015.09.23 21:58:39.043,1.49268,1.49356,1.75,1.00
2015.09.23 21:58:45.656,1.49267,1.49358,1.75,1.00
2015.09.23 21:58:46.057,1.49267,1.49356,1.75,1.00
2015.09.23 21:58:46.931,1.49267,1.49357,1.75,1.00
2015.09.23 21:58:47.687,1.49267,1.49356,1.75,1.00
2015.09.23 21:58:52.610,1.49268,1.49355,1.75,1.00
2015.09.23 21:58:53.384,1.49268,1.49356,1.75,1.00
2015.09.23 21:58:54.870,1.49268,1.49357,1.75,1.00
2015.09.23 21:58:56.644,1.49267,1.49355,3.00,1.00
2015.09.23 21:58:57.073,1.49267,1.49357,3.00,1.00
2015.09.23 21:58:58.732,1.49268,1.49354,1.75,1.00
2015.09.23 21:58:59.067,1.49267,1.49352,3.00,1.00
2015.09.23 21:58:59.169,1.49268,1.49352,1.37,1.00
2015.09.23 21:58:59.271,1.49268,1.4935,1.37,1.00
2015.09.23 21:59:00.120,1.49267,1.49348,2.62,1.00
2015.09.23 21:59:01.287,1.49268,1.49348,0.75,0.75
2015.09.23 21:59:03.371,1.49268,1.49347,0.75,0.75
2015.09.23 21:59:03.911,1.49268,1.49346,0.75,0.75
2015.09.23 21:59:04.122,1.49268,1.49349,0.75,0.75
2015.09.23 21:59:04.657,1.49267,1.4935,2.62,0.75
2015.09.23 21:59:05.166,1.49267,1.49351,2.62,0.75
2015.09.23 21:59:06.367,1.49268,1.49351,0.75,0.75
2015.09.23 21:59:08.463,1.49267,1.49351,1.12,0.75
2015.09.23 21:59:09.607,1.49267,1.4935,2.62,0.75
2015.09.23 21:59:10.398,1.49268,1.4935,0.75,0.75
2015.09.23 21:59:10.927,1.49267,1.4935,2.62,0.75
2015.09.23 21:59:12.914,1.49267,1.49351,2.62,0.75
2015.09.23 21:59:13.379,1.4927,1.49351,0.37,0.75
2015.09.23 21:59:13.901,1.4927,1.49354,0.37,0.75
2015.09.23 21:59:17.901,1.4927,1.49352,0.37,0.75
2015.09.23 21:59:18.913,1.4927,1.49353,0.37,0.75
2015.09.23 21:59:19.763,1.4927,1.49354,0.37,0.75
2015.09.23 21:59:20.084,1.49272,1.49371,0.37,0.37
2015.09.23 21:59:21.332,1.49272,1.49352,0.37,0.75
2015.09.23 21:59:23.709,1.49272,1.49351,0.37,0.75
2015.09.23 21:59:24.920,1.49272,1.4935,0.37,0.75
2015.09.23 21:59:25.483,1.49272,1.49348,0.37,0.75
2015.09.23 21:59:26.115,1.49272,1.49349,0.37,0.75
2015.09.23 21:59:26.476,1.49272,1.49351,0.37,0.75
2015.09.23 21:59:27.376,1.49272,1.4935,0.37,0.75
2015.09.23 21:59:28.126,1.49272,1.49348,0.37,0.75
2015.09.23 21:59:30.141,1.49271,1.49348,0.37,0.75
2015.09.23 21:59:31.398,1.49271,1.49349,0.37,0.75
2015.09.23 21:59:32.060,1.49271,1.4935,0.37,0.75
2015.09.23 21:59:33.383,1.49271,1.49347,0.37,0.75
2015.09.23 21:59:34.029,1.49271,1.49348,0.37,0.75
2015.09.23 21:59:35.509,1.49271,1.49347,0.37,0.75
2015.09.23 21:59:36.788,1.49271,1.49349,0.37,0.75
2015.09.23 21:59:37.625,1.49271,1.49347,0.37,0.75
2015.09.23 21:59:38.402,1.49271,1.49346,0.37,0.75
2015.09.23 21:59:38.453,1.49271,1.49348,0.37,0.75
2015.09.23 21:59:39.079,1.49271,1.49347,0.37,0.75
2015.09.23 21:59:41.213,1.49271,1.49348,0.37,0.75
2015.09.23 21:59:42.216,1.49271,1.49347,0.37,0.75
2015.09.23 21:59:43.379,1.49271,1.49348,0.37,0.75
2015.09.23 21:59:44.078,1.49272,1.49349,0.37,0.75
2015.09.23 21:59:45.030,1.49272,1.49348,0.37,0.75
2015.09.23 21:59:48.460,1.49272,1.49349,0.37,0.75
2015.09.23 21:59:48.663,1.49272,1.49346,0.37,0.75
2015.09.23 21:59:49.564,1.49272,1.49347,0.37,0.75
2015.09.23 21:59:50.329,1.49272,1.49346,0.37,0.75
2015.09.23 21:59:50.685,1.49272,1.49348,0.37,0.75
2015.09.23 21:59:51.198,1.49272,1.49347,0.37,0.75
2015.09.23 21:59:51.299,1.49272,1.49349,0.37,0.75
2015.09.23 21:59:51.851,1.49272,1.49348,0.37,0.75
2015.09.23 21:59:52.731,1.49272,1.49347,0.37,0.75
2015.09.23 21:59:52.972,1.49275,1.4935,0.37,0.75
2015.09.23 21:59:53.343,1.49277,1.4935,0.37,0.75
2015.09.23 21:59:55.629,1.49277,1.49349,0.37,0.75
2015.09.23 21:59:57.584,1.49277,1.49351,0.37,0.75
2015.09.23 21:59:58.779,1.49277,1.49349,0.37,0.75
