2011.12.13 12:00:00.201,1.46003,1.46032,1.07,1.50
2011.12.13 12:00:00.522,1.45999,1.46026,2.20,1.50
2011.12.13 12:00:00.768,1.45998,1.46026,1.50,1.88
2011.12.13 12:00:00.862,1.45996,1.46026,1.50,2.22
2011.12.13 12:00:00.957,1.4599,1.46022,2.63,1.50
2011.12.13 12:00:01.360,1.45992,1.46019,1.50,1.50
2011.12.13 12:00:01.518,1.45993,1.46022,1.50,1.50
2011.12.13 12:00:01.598,1.45993,1.46019,2.25,1.50
2011.12.13 12:00:01.822,1.45995,1.46021,1.50,1.50
2011.12.13 12:00:02.570,1.45995,1.46018,1.50,1.50
2011.12.13 12:00:02.657,1.45989,1.4602,1.13,3.00
2011.12.13 12:00:03.283,1.45988,1.4602,2.25,1.50
2011.12.13 12:00:03.773,1.45988,1.46016,2.25,1.50
2011.12.13 12:00:04.295,1.45986,1.46015,1.50,1.50
2011.12.13 12:00:04.888,1.45985,1.46015,1.50,1.50
2011.12.13 12:00:05.233,1.45984,1.46012,1.09,1.50
2011.12.13 12:00:05.312,1.45984,1.46009,1.84,1.50
2011.12.13 12:00:05.667,1.45984,1.46007,1.09,1.50
2011.12.13 12:00:05.747,1.45981,1.46007,1.50,1.50
2011.12.13 12:00:06.275,1.45976,1.46006,3.00,1.50
2011.12.13 12:00:06.360,1.45976,1.46006,3.00,1.50
2011.12.13 12:00:07.627,1.45977,1.46009,1.88,2.25
2011.12.13 12:00:08.106,1.45975,1.46006,1.09,1.50
2011.12.13 12:00:08.561,1.45975,1.46004,1.09,1.50
2011.12.13 12:00:08.796,1.45975,1.46005,3.00,1.50
2011.12.13 12:00:09.084,1.45975,1.46003,1.13,1.50
2011.12.13 12:00:09.767,1.45972,1.46,1.13,2.25
2011.12.13 12:00:09.843,1.45971,1.45997,2.25,1.88
2011.12.13 12:00:10.290,1.45967,1.45997,2.25,1.88
2011.12.13 12:00:10.812,1.45967,1.45997,2.25,1.88
2011.12.13 12:00:11.321,1.45967,1.45997,2.25,1.88
2011.12.13 12:00:11.391,1.45967,1.45997,2.25,1.88
2011.12.13 12:00:11.495,1.45967,1.45997,2.25,1.88
2011.12.13 12:00:13.222,1.45967,1.45997,2.25,2.25
2011.12.13 12:00:13.424,1.45963,1.45995,2.63,1.88
2011.12.13 12:00:13.495,1.45963,1.45995,2.63,2.22
2011.12.13 12:00:13.563,1.45962,1.45992,1.13,1.84
2011.12.13 12:00:13.901,1.45962,1.45988,1.13,1.50
2011.12.13 12:00:13.979,1.45956,1.45987,1.50,1.50
2011.12.13 12:00:14.052,1.45957,1.45989,2.25,1.50
2011.12.13 12:00:14.591,1.45959,1.45989,1.13,1.88
2011.12.13 12:00:15.164,1.45962,1.45989,1.13,1.88
2011.12.13 12:00:15.421,1.45962,1.45989,1.13,1.50
2011.12.13 12:00:15.756,1.45962,1.45992,1.13,1.88
2011.12.13 12:00:15.949,1.45962,1.45992,1.13,1.88
2011.12.13 12:00:16.142,1.45962,1.45992,1.13,1.88
2011.12.13 12:00:16.645,1.45961,1.45993,2.25,2.22
2011.12.13 12:00:16.726,1.45961,1.45992,1.50,1.09
2011.12.13 12:00:16.807,1.45959,1.45985,2.25,1.88
2011.12.13 12:00:16.888,1.45955,1.45985,1.50,1.88
2011.12.13 12:00:17.107,1.45952,1.45982,4.50,1.50
2011.12.13 12:00:17.439,1.45952,1.45981,1.13,1.88
2011.12.13 12:00:17.915,1.45951,1.45981,2.63,1.88
2011.12.13 12:00:18.950,1.45952,1.45981,1.13,1.88
2011.12.13 12:00:19.110,1.45948,1.4598,2.25,1.88
2011.12.13 12:00:19.327,1.45947,1.45977,1.13,1.50
2011.12.13 12:00:19.669,1.45946,1.45977,1.13,1.50
2011.12.13 12:00:19.801,1.45947,1.45979,2.25,1.88
2011.12.13 12:00:19.871,1.45947,1.45979,2.25,1.88
2011.12.13 12:00:20.414,1.45947,1.45979,1.88,2.63
2011.12.13 12:00:20.935,1.45946,1.45976,2.25,1.50
2011.12.13 12:00:21.430,1.45949,1.45979,1.50,2.63
2011.12.13 12:00:21.773,1.45951,1.45981,1.50,2.22
2011.12.13 12:00:22.561,1.45949,1.45979,3.00,1.88
2011.12.13 12:00:23.363,1.45949,1.45979,1.88,1.50
2011.12.13 12:00:23.895,1.45948,1.4598,3.00,1.50
2011.12.13 12:00:24.434,1.45949,1.45978,2.25,1.50
2011.12.13 12:00:24.762,1.4595,1.45981,2.25,1.88
2011.12.13 12:00:24.890,1.45948,1.45978,1.88,2.25
2011.12.13 12:00:25.609,1.45947,1.45979,2.63,1.88
2011.12.13 12:00:27.909,1.45947,1.45979,2.25,1.88
2011.12.13 12:00:28.419,1.45947,1.45979,1.50,3.38
2011.12.13 12:00:29.279,1.45947,1.45979,1.50,2.63
2011.12.13 12:00:30.241,1.45947,1.45979,1.50,3.38
2011.12.13 12:00:31.431,1.45945,1.4597,1.50,2.25
2011.12.13 12:00:31.523,1.45938,1.45969,2.25,1.09
2011.12.13 12:00:31.853,1.45938,1.45966,2.63,1.50
2011.12.13 12:00:32.203,1.45938,1.45969,2.25,1.84
2011.12.13 12:00:36.526,1.45938,1.45969,1.50,2.22
2011.12.13 12:00:36.611,1.45938,1.45969,2.25,1.84
2011.12.13 12:00:36.964,1.45943,1.45971,1.50,1.09
2011.12.13 12:00:37.033,1.45943,1.45974,1.50,2.25
2011.12.13 12:00:37.173,1.45943,1.45975,1.88,1.88
2011.12.13 12:00:37.310,1.45946,1.45976,1.88,1.88
2011.12.13 12:00:37.443,1.45946,1.45976,2.25,2.25
2011.12.13 12:00:38.225,1.45944,1.45976,3.75,2.25
2011.12.13 12:00:38.653,1.45944,1.45976,2.25,2.25
2011.12.13 12:00:38.991,1.45942,1.45973,1.50,2.59
2011.12.13 12:00:39.334,1.45941,1.45967,1.50,1.50
2011.12.13 12:00:39.474,1.45939,1.45967,2.25,1.13
2011.12.13 12:00:39.545,1.45936,1.45966,1.50,2.25
2011.12.13 12:00:40.401,1.45936,1.45963,1.50,1.47
2011.12.13 12:00:41.022,1.45936,1.45963,2.25,1.09
2011.12.13 12:00:41.953,1.45937,1.45965,2.25,1.09
2011.12.13 12:00:44.279,1.45937,1.45967,2.25,1.09
2011.12.13 12:00:44.411,1.45937,1.45968,2.25,1.13
2011.12.13 12:00:44.550,1.45937,1.45968,3.00,1.13
2011.12.13 12:00:45.309,1.45938,1.4597,2.25,2.25
2011.12.13 12:00:45.881,1.45938,1.4597,2.25,2.25
2011.12.13 12:00:46.402,1.45938,1.4597,2.25,2.25
2011.12.13 12:00:46.618,1.4594,1.4597,1.13,1.50
2011.12.13 12:00:46.704,1.45943,1.45973,2.25,1.50
2011.12.13 12:00:47.263,1.45946,1.45978,2.25,1.88
2011.12.13 12:00:47.581,1.45946,1.45978,2.25,1.88
2011.12.13 12:00:47.719,1.45949,1.45981,2.25,1.88
2011.12.13 12:00:49.018,1.45949,1.45981,2.25,1.88
2011.12.13 12:00:49.099,1.45949,1.45981,2.25,1.88
2011.12.13 12:00:49.656,1.45949,1.45981,2.25,1.88
2011.12.13 12:00:49.737,1.45954,1.45981,1.13,1.50
2011.12.13 12:00:49.952,1.45951,1.4598,1.13,1.50
2011.12.13 12:00:50.024,1.45951,1.45982,1.50,3.00
2011.12.13 12:00:50.344,1.4595,1.45979,1.50,1.50
2011.12.13 12:00:52.085,1.4595,1.45979,1.50,1.50
2011.12.13 12:00:53.751,1.45952,1.45982,3.00,1.50
2011.12.13 12:00:54.090,1.45952,1.45982,2.25,3.38
2011.12.13 12:00:54.422,1.45951,1.45979,1.13,1.88
2011.12.13 12:00:54.510,1.45945,1.45977,2.25,1.88
2011.12.13 12:00:55.215,1.45943,1.45973,2.25,1.88
2011.12.13 12:00:55.295,1.45943,1.45973,1.50,1.88
2011.12.13 12:00:55.812,1.4594,1.45971,1.13,1.88
2011.12.13 12:00:57.080,1.4594,1.45971,1.13,1.88
2011.12.13 12:00:57.440,1.45945,1.45972,1.13,1.50
2011.12.13 12:00:58.006,1.45943,1.45972,1.50,1.50
2011.12.13 12:00:58.086,1.45946,1.45976,1.13,1.50
2011.12.13 12:00:58.501,1.45948,1.45976,1.50,1.50
2011.12.13 12:00:59.598,1.45948,1.45977,1.50,1.50
2011.12.13 12:00:59.885,1.45949,1.45975,1.13,1.50
2011.12.13 12:01:00.421,1.45947,1.45974,1.13,1.50
2011.12.13 12:01:00.504,1.45947,1.45972,1.13,1.50
2011.12.13 12:01:02.594,1.45944,1.45972,1.13,1.50
2011.12.13 12:01:03.042,1.45944,1.45974,1.13,1.50
2011.12.13 12:01:03.560,1.45944,1.45975,1.13,1.50
2011.12.13 12:01:04.081,1.45944,1.45972,1.13,1.50
2011.12.13 12:01:04.748,1.45944,1.45974,2.63,3.00
2011.12.13 12:01:05.593,1.45944,1.45974,1.88,1.50
2011.12.13 12:01:05.866,1.45947,1.45977,2.63,1.50
2011.12.13 12:01:05.942,1.45947,1.45977,2.63,1.50
2011.12.13 12:01:06.298,1.45945,1.45975,3.00,1.88
2011.12.13 12:01:06.377,1.45945,1.45975,3.00,1.50
2011.12.13 12:01:06.910,1.45945,1.45975,2.25,1.88
2011.12.13 12:01:07.729,1.45945,1.45975,2.25,1.88
2011.12.13 12:01:09.195,1.45945,1.45975,2.25,1.88
2011.12.13 12:01:09.531,1.45951,1.45981,1.50,2.25
2011.12.13 12:01:09.730,1.45953,1.45985,1.50,2.25
2011.12.13 12:01:10.317,1.45953,1.45985,2.25,2.25
2011.12.13 12:01:10.845,1.4596,1.45987,1.13,1.50
2011.12.13 12:01:11.180,1.45963,1.45992,1.13,2.63
2011.12.13 12:01:11.252,1.45963,1.45992,1.13,1.88
2011.12.13 12:01:12.096,1.45963,1.45992,1.13,1.88
2011.12.13 12:01:12.633,1.45963,1.45992,1.13,1.88
2011.12.13 12:01:12.703,1.45962,1.45992,1.88,1.88
2011.12.13 12:01:12.841,1.4596,1.45989,1.13,1.88
2011.12.13 12:01:13.203,1.4596,1.45992,2.25,1.88
2011.12.13 12:01:13.732,1.4596,1.45992,2.63,1.50
2011.12.13 12:01:14.454,1.45963,1.45995,2.25,1.88
2011.12.13 12:01:15.135,1.45965,1.45995,1.13,1.50
2011.12.13 12:01:15.206,1.45967,1.45997,1.50,1.50
2011.12.13 12:01:15.286,1.4597,1.46001,1.50,1.50
2011.12.13 12:01:15.439,1.45971,1.46002,1.88,1.88
2011.12.13 12:01:15.651,1.45973,1.46004,1.13,1.50
2011.12.13 12:01:15.794,1.45973,1.46004,1.13,1.50
2011.12.13 12:01:16.133,1.45973,1.46003,2.63,1.50
2011.12.13 12:01:17.614,1.45973,1.46003,2.25,1.88
2011.12.13 12:01:17.760,1.45974,1.46005,1.88,1.50
2011.12.13 12:01:18.117,1.45975,1.46006,1.50,1.50
2011.12.13 12:01:18.263,1.45975,1.46006,1.50,1.50
2011.12.13 12:01:20.006,1.45975,1.46006,1.13,1.88
2011.12.13 12:01:21.223,1.45976,1.46006,1.13,1.50
2011.12.13 12:01:22.040,1.45982,1.46006,1.13,1.50
2011.12.13 12:01:22.496,1.45982,1.46008,1.13,1.50
2011.12.13 12:01:22.575,1.4598,1.46004,1.50,1.50
2011.12.13 12:01:23.081,1.45978,1.46005,1.50,1.50
2011.12.13 12:01:23.413,1.45978,1.46005,1.50,1.50
2011.12.13 12:01:24.293,1.45978,1.46003,1.50,1.50
2011.12.13 12:01:25.289,1.45971,1.46001,1.50,1.50
2011.12.13 12:01:25.816,1.45972,1.46001,1.50,1.50
2011.12.13 12:01:26.540,1.45972,1.46001,1.50,1.50
2011.12.13 12:01:27.631,1.45971,1.46001,1.50,1.50
2011.12.13 12:01:27.841,1.45974,1.45999,1.50,1.50
2011.12.13 12:01:28.426,1.45968,1.45995,1.13,1.50
2011.12.13 12:01:28.722,1.45965,1.4599,1.50,1.50
2011.12.13 12:01:29.053,1.45965,1.4599,1.50,1.50
2011.12.13 12:01:29.633,1.45965,1.4599,1.50,1.50
2011.12.13 12:01:30.745,1.45965,1.4599,1.50,1.50
2011.12.13 12:01:31.001,1.45965,1.4599,1.13,1.50
2011.12.13 12:01:33.122,1.45965,1.4599,1.13,1.50
2011.12.13 12:01:33.664,1.45962,1.4599,1.13,1.50
2011.12.13 12:01:36.301,1.45963,1.4599,1.13,1.50
2011.12.13 12:01:37.122,1.45961,1.4599,1.13,1.50
2011.12.13 12:01:37.919,1.45963,1.45988,1.13,1.50
2011.12.13 12:01:38.434,1.4596,1.45988,1.50,1.50
2011.12.13 12:01:39.859,1.45964,1.4599,1.13,1.50
2011.12.13 12:01:40.073,1.45968,1.45997,1.88,1.13
2011.12.13 12:01:40.333,1.4597,1.45997,1.13,1.88
2011.12.13 12:01:40.471,1.45969,1.45997,1.13,1.50
2011.12.13 12:01:40.611,1.45964,1.45994,1.50,1.50
2011.12.13 12:01:41.122,1.45963,1.45992,1.50,1.50
2011.12.13 12:01:41.596,1.45963,1.4599,1.50,1.50
2011.12.13 12:01:42.797,1.45963,1.4599,1.50,1.50
2011.12.13 12:01:43.140,1.45963,1.4599,1.13,1.50
2011.12.13 12:01:44.607,1.45962,1.45987,1.13,1.50
2011.12.13 12:01:45.088,1.45958,1.45985,1.50,1.50
2011.12.13 12:01:45.259,1.45955,1.45982,1.13,1.50
2011.12.13 12:01:45.780,1.45955,1.45982,1.13,1.50
2011.12.13 12:01:47.386,1.45953,1.45982,1.50,1.50
2011.12.13 12:01:47.821,1.45954,1.45982,1.13,1.50
2011.12.13 12:01:50.599,1.45955,1.45979,1.13,1.50
2011.12.13 12:01:50.697,1.45957,1.45982,1.13,1.50
2011.12.13 12:01:51.294,1.45954,1.4598,1.50,1.50
2011.12.13 12:01:52.452,1.45953,1.4598,1.50,1.50
2011.12.13 12:01:54.724,1.45953,1.4598,1.50,1.50
2011.12.13 12:02:00.545,1.45949,1.4598,1.50,1.50
2011.12.13 12:02:00.744,1.45951,1.4598,1.13,2.25
2011.12.13 12:02:01.942,1.45948,1.4598,3.00,2.25
2011.12.13 12:02:02.424,1.45948,1.4598,3.00,2.25
2011.12.13 12:02:03.330,1.45948,1.4598,3.00,1.88
2011.12.13 12:02:05.284,1.45947,1.45977,1.50,1.50
2011.12.13 12:02:05.419,1.45947,1.45977,1.50,1.50
2011.12.13 12:02:07.066,1.45947,1.45974,1.50,1.50
2011.12.13 12:02:09.397,1.45944,1.45974,1.13,1.50
2011.12.13 12:02:10.727,1.45946,1.45974,1.13,1.50
2011.12.13 12:02:11.323,1.45946,1.45974,1.13,1.88
2011.12.13 12:02:11.539,1.45942,1.45971,1.13,1.88
2011.12.13 12:02:11.613,1.4594,1.45967,1.13,1.50
2011.12.13 12:02:11.756,1.4594,1.45967,1.13,1.50
2011.12.13 12:02:11.963,1.4594,1.45969,1.13,1.50
2011.12.13 12:02:12.457,1.45946,1.45969,2.97,1.50
2011.12.13 12:02:12.611,1.45949,1.45979,2.25,3.38
2011.12.13 12:02:12.682,1.45948,1.45977,1.13,1.50
2011.12.13 12:02:13.097,1.45951,1.45977,1.50,1.50
2011.12.13 12:02:13.179,1.45954,1.45981,1.50,1.50
2011.12.13 12:02:16.567,1.4595,1.45977,1.50,1.50
2011.12.13 12:02:17.110,1.45946,1.45973,1.50,1.50
2011.12.13 12:02:18.548,1.45947,1.45974,1.13,1.50
2011.12.13 12:02:19.301,1.45947,1.45972,1.13,1.50
2011.12.13 12:02:19.379,1.45945,1.45972,1.50,1.50
2011.12.13 12:02:19.930,1.45945,1.45972,1.50,1.50
2011.12.13 12:02:20.061,1.45945,1.45969,1.50,1.50
2011.12.13 12:02:20.190,1.45943,1.45969,1.50,1.50
2011.12.13 12:02:21.872,1.45943,1.45972,1.50,1.50
2011.12.13 12:02:23.765,1.45944,1.45971,1.09,1.50
2011.12.13 12:02:23.906,1.45944,1.45967,1.09,1.50
2011.12.13 12:02:24.718,1.45944,1.45967,1.09,1.50
2011.12.13 12:02:25.621,1.45943,1.45967,1.09,1.50
2011.12.13 12:02:29.316,1.45935,1.4596,1.50,1.50
2011.12.13 12:02:29.673,1.45935,1.4596,1.50,1.50
2011.12.13 12:02:29.873,1.45936,1.45966,1.07,1.50
2011.12.13 12:02:30.268,1.45936,1.45966,1.07,1.50
2011.12.13 12:02:30.354,1.45942,1.45968,1.09,1.50
2011.12.13 12:02:30.492,1.45942,1.45968,1.09,1.50
2011.12.13 12:02:38.263,1.45941,1.45968,1.09,1.50
2011.12.13 12:02:38.331,1.45941,1.45965,1.09,1.50
2011.12.13 12:02:38.591,1.45937,1.45965,1.13,1.50
2011.12.13 12:02:38.734,1.45938,1.45965,1.07,1.50
2011.12.13 12:02:39.231,1.45937,1.45968,1.07,1.50
2011.12.13 12:02:39.821,1.45939,1.4597,2.25,1.50
2011.12.13 12:02:40.350,1.45939,1.45971,3.00,1.50
2011.12.13 12:02:40.854,1.45939,1.45971,2.25,2.25
2011.12.13 12:02:40.998,1.45939,1.4597,1.88,1.13
2011.12.13 12:02:41.277,1.45937,1.45967,1.82,2.63
2011.12.13 12:02:42.388,1.45934,1.45966,2.25,1.50
2011.12.13 12:02:43.270,1.45936,1.45968,1.50,3.38
2011.12.13 12:02:44.409,1.45934,1.45966,3.00,1.50
2011.12.13 12:02:46.352,1.45934,1.45966,1.88,1.88
2011.12.13 12:02:46.498,1.45934,1.45963,1.13,1.50
2011.12.13 12:02:46.580,1.45935,1.45965,2.25,1.88
2011.12.13 12:02:46.782,1.45937,1.45969,1.50,1.88
2011.12.13 12:02:47.311,1.45936,1.45966,1.50,1.88
2011.12.13 12:02:49.271,1.45936,1.45966,1.50,1.50
2011.12.13 12:02:53.855,1.45932,1.45964,3.34,1.50
2011.12.13 12:02:54.209,1.45932,1.45964,3.34,1.50
2011.12.13 12:02:57.641,1.45934,1.45964,1.50,1.50
2011.12.13 12:03:01.220,1.45935,1.45964,1.07,1.50
2011.12.13 12:03:01.352,1.45932,1.4596,1.41,1.50
2011.12.13 12:03:04.081,1.4593,1.45957,1.09,1.50
2011.12.13 12:03:05.447,1.4593,1.4596,2.59,3.00
2011.12.13 12:03:07.952,1.45932,1.4596,1.09,1.50
2011.12.13 12:03:10.199,1.45932,1.4596,1.09,1.50
2011.12.13 12:03:17.222,1.45932,1.45964,2.59,1.50
2011.12.13 12:03:18.737,1.45932,1.45961,1.09,1.50
2011.12.13 12:03:19.051,1.45932,1.45958,1.09,1.50
2011.12.13 12:03:19.337,1.45927,1.45956,1.47,1.50
2011.12.13 12:03:19.851,1.45927,1.45956,1.13,1.50
2011.12.13 12:03:26.480,1.45928,1.45956,1.50,1.50
2011.12.13 12:03:26.982,1.45931,1.45959,1.50,1.50
2011.12.13 12:03:27.124,1.45931,1.45962,1.50,1.50
2011.12.13 12:03:27.261,1.45931,1.45962,1.50,1.50
2011.12.13 12:03:27.570,1.45932,1.45962,1.50,1.50
2011.12.13 12:03:27.704,1.45932,1.45962,1.13,1.88
2011.12.13 12:03:27.777,1.45928,1.45956,1.13,1.50
2011.12.13 12:03:28.055,1.45928,1.45956,1.13,1.50
2011.12.13 12:03:41.470,1.45929,1.45958,1.13,1.50
2011.12.13 12:03:48.959,1.45931,1.45962,1.13,1.50
2011.12.13 12:03:49.696,1.45932,1.45962,1.13,1.50
2011.12.13 12:03:49.774,1.45934,1.45964,1.88,3.00
2011.12.13 12:03:50.124,1.45934,1.45962,1.13,1.50
2011.12.13 12:03:50.411,1.45938,1.45962,1.13,1.50
2011.12.13 12:03:50.495,1.45938,1.45966,1.13,1.50
2011.12.13 12:03:50.944,1.45932,1.45962,1.84,3.38
2011.12.13 12:03:51.030,1.45929,1.45959,1.50,1.50
2011.12.13 12:03:51.312,1.45931,1.45962,1.50,1.88
2011.12.13 12:03:51.648,1.45931,1.45962,2.63,1.88
2011.12.13 12:03:52.041,1.45934,1.45964,1.88,1.88
2011.12.13 12:03:53.893,1.45932,1.45962,2.63,1.50
2011.12.13 12:03:54.037,1.45932,1.45962,2.63,1.50
2011.12.13 12:03:54.591,1.45934,1.45964,2.63,1.88
2011.12.13 12:03:57.222,1.45934,1.45964,2.63,1.88
2011.12.13 12:04:00.295,1.45934,1.45964,2.63,1.88
2011.12.13 12:04:00.513,1.45934,1.45964,2.63,1.88
2011.12.13 12:04:01.897,1.45933,1.45963,1.13,1.88
2011.12.13 12:04:02.455,1.45931,1.45961,2.25,1.09
2011.12.13 12:04:03.259,1.45933,1.45962,1.50,1.09
2011.12.13 12:04:03.338,1.45934,1.45966,2.25,3.38
2011.12.13 12:04:03.613,1.45932,1.45962,2.25,2.63
2011.12.13 12:04:04.128,1.4593,1.45962,1.50,3.00
2011.12.13 12:04:04.261,1.45932,1.45962,1.50,3.00
2011.12.13 12:04:04.600,1.45932,1.45962,1.50,1.50
2011.12.13 12:04:04.803,1.45929,1.45959,1.50,1.88
2011.12.13 12:04:08.840,1.45926,1.45956,3.00,1.88
2011.12.13 12:04:10.440,1.45926,1.45956,1.88,1.50
2011.12.13 12:04:10.781,1.45928,1.45958,1.50,1.50
2011.12.13 12:04:11.758,1.45928,1.45958,2.63,1.50
2011.12.13 12:04:12.251,1.45937,1.45965,1.50,1.50
2011.12.13 12:04:12.404,1.45938,1.45967,1.13,1.50
2011.12.13 12:04:12.739,1.45941,1.4597,1.50,1.88
2011.12.13 12:04:13.265,1.4594,1.4597,2.25,1.88
2011.12.13 12:04:13.393,1.4594,1.4597,2.25,1.50
2011.12.13 12:04:13.536,1.45943,1.45973,1.50,1.88
2011.12.13 12:04:16.461,1.45939,1.45971,2.63,1.88
2011.12.13 12:04:16.933,1.45944,1.45973,1.50,1.13
2011.12.13 12:04:18.216,1.45941,1.45973,1.50,2.25
2011.12.13 12:04:18.780,1.45941,1.45973,2.25,2.25
2011.12.13 12:04:21.346,1.45939,1.45969,2.63,1.50
2011.12.13 12:04:21.418,1.45939,1.45967,1.13,1.50
2011.12.13 12:04:21.968,1.45939,1.45968,1.13,1.88
2011.12.13 12:04:22.534,1.4594,1.45967,1.50,1.50
2011.12.13 12:04:23.028,1.45941,1.45968,1.13,1.50
2011.12.13 12:04:23.117,1.45938,1.4597,2.59,3.38
2011.12.13 12:04:23.522,1.45938,1.4597,2.22,1.88
2011.12.13 12:04:25.187,1.45936,1.45963,2.97,1.50
2011.12.13 12:04:25.330,1.45937,1.45966,1.09,1.50
2011.12.13 12:04:25.602,1.45938,1.45968,1.84,1.50
2011.12.13 12:04:26.142,1.45937,1.45967,1.09,1.50
2011.12.13 12:04:27.212,1.45936,1.45967,1.13,1.88
2011.12.13 12:04:27.920,1.45936,1.45963,1.13,1.50
2011.12.13 12:04:28.192,1.45939,1.45971,1.50,2.63
2011.12.13 12:04:29.536,1.45936,1.45967,1.13,1.88
2011.12.13 12:04:30.600,1.45938,1.45968,1.50,1.88
2011.12.13 12:04:31.111,1.45939,1.45968,1.13,1.88
2011.12.13 12:04:31.663,1.4594,1.45969,1.13,1.50
2011.12.13 12:04:34.482,1.4594,1.45969,1.13,1.50
2011.12.13 12:04:34.790,1.45938,1.45966,1.50,1.50
2011.12.13 12:04:35.494,1.45938,1.45966,1.50,1.50
2011.12.13 12:04:36.604,1.45937,1.45966,1.07,1.50
2011.12.13 12:04:36.673,1.45938,1.45968,2.25,1.50
2011.12.13 12:04:36.815,1.45943,1.45971,1.13,1.50
2011.12.13 12:04:37.342,1.45943,1.45972,1.13,2.63
2011.12.13 12:04:41.945,1.45943,1.4597,1.13,1.50
2011.12.13 12:04:42.292,1.45941,1.45971,3.00,1.50
2011.12.13 12:04:48.812,1.45943,1.45975,2.63,1.88
2011.12.13 12:04:49.888,1.45943,1.45973,2.63,1.84
2011.12.13 12:04:50.325,1.45945,1.45976,1.50,1.88
2011.12.13 12:04:50.398,1.45945,1.45969,1.50,1.50
2011.12.13 12:04:50.480,1.45939,1.45966,1.13,1.50
2011.12.13 12:04:50.553,1.45939,1.45962,1.13,1.50
2011.12.13 12:04:50.903,1.45928,1.45957,1.13,1.88
2011.12.13 12:04:51.233,1.45926,1.45957,1.13,2.25
2011.12.13 12:04:52.467,1.45928,1.45957,1.50,2.25
2011.12.13 12:04:52.549,1.45928,1.45958,1.50,1.88
2011.12.13 12:04:52.699,1.45928,1.45958,1.50,1.50
2011.12.13 12:04:52.986,1.4593,1.45961,1.50,2.22
2011.12.13 12:04:53.275,1.45928,1.45959,2.25,1.50
2011.12.13 12:04:54.826,1.45925,1.45957,2.25,2.25
2011.12.13 12:04:55.406,1.45925,1.45957,2.25,2.25
2011.12.13 12:04:56.163,1.45929,1.45959,2.25,2.63
2011.12.13 12:04:56.528,1.45946,1.4597,1.84,1.13
2011.12.13 12:04:56.743,1.45948,1.45975,2.25,1.13
2011.12.13 12:04:56.817,1.45948,1.45978,2.25,1.88
2011.12.13 12:04:57.471,1.45947,1.45976,1.09,1.88
2011.12.13 12:04:57.546,1.45947,1.45976,1.09,1.88
2011.12.13 12:04:57.769,1.45944,1.45973,2.25,1.50
2011.12.13 12:04:57.982,1.45944,1.4597,2.25,1.50
2011.12.13 12:04:58.340,1.4594,1.4597,2.25,2.22
2011.12.13 12:04:58.543,1.45937,1.45967,2.25,1.88
2011.12.13 12:04:59.655,1.45937,1.45967,2.25,1.88
2011.12.13 12:04:59.722,1.45937,1.45967,2.25,1.88
2011.12.13 12:05:00.237,1.45938,1.45967,1.09,1.50
2011.12.13 12:05:00.394,1.4594,1.4597,1.50,1.50
2011.12.13 12:05:00.463,1.4594,1.45972,2.25,1.50
2011.12.13 12:05:00.672,1.4594,1.45972,2.63,1.50
2011.12.13 12:05:00.813,1.4594,1.45969,1.13,1.50
2011.12.13 12:05:01.352,1.45941,1.45969,1.13,1.50
2011.12.13 12:05:01.812,1.4594,1.45969,1.13,1.50
2011.12.13 12:05:02.322,1.4594,1.45969,1.50,1.50
2011.12.13 12:05:02.865,1.45944,1.45976,1.50,2.63
2011.12.13 12:05:03.004,1.45947,1.45978,1.50,1.13
2011.12.13 12:05:03.371,1.45947,1.45979,2.25,1.88
2011.12.13 12:05:03.915,1.45942,1.45972,2.63,1.50
2011.12.13 12:05:04.065,1.45939,1.45969,2.59,1.50
2011.12.13 12:05:04.551,1.4594,1.45972,2.25,1.50
2011.12.13 12:05:05.046,1.45938,1.4597,3.00,1.50
2011.12.13 12:05:05.733,1.45938,1.4597,2.25,1.50
2011.12.13 12:05:06.862,1.4594,1.45972,2.25,1.50
2011.12.13 12:05:07.194,1.45943,1.45972,1.13,1.50
2011.12.13 12:05:08.729,1.45943,1.45974,1.88,1.50
2011.12.13 12:05:09.022,1.45948,1.45975,1.13,1.88
2011.12.13 12:05:09.360,1.45951,1.45975,1.13,1.50
2011.12.13 12:05:09.913,1.45951,1.45975,1.13,1.50
2011.12.13 12:05:10.066,1.45949,1.45975,1.13,1.50
2011.12.13 12:05:10.684,1.45947,1.45975,1.13,1.50
2011.12.13 12:05:10.978,1.45943,1.45975,3.00,1.50
2011.12.13 12:05:11.129,1.45947,1.45977,1.88,1.50
2011.12.13 12:05:11.208,1.45947,1.45977,1.88,1.50
2011.12.13 12:05:11.746,1.45949,1.45976,1.50,1.50
2011.12.13 12:05:12.752,1.45948,1.45976,1.50,1.50
2011.12.13 12:05:15.107,1.45949,1.45978,1.09,1.50
2011.12.13 12:05:16.443,1.45949,1.45976,1.09,1.50
2011.12.13 12:05:17.795,1.45948,1.45976,1.09,1.50
2011.12.13 12:05:18.327,1.45946,1.45976,2.25,1.50
2011.12.13 12:05:19.532,1.45946,1.45976,2.25,1.50
2011.12.13 12:05:21.354,1.45946,1.45973,1.09,1.50
2011.12.13 12:05:21.939,1.45944,1.45973,1.09,1.50
2011.12.13 12:05:22.364,1.45944,1.45971,1.09,1.50
2011.12.13 12:05:29.394,1.45944,1.45971,1.09,1.50
2011.12.13 12:05:39.808,1.45943,1.45973,1.88,1.88
2011.12.13 12:05:40.374,1.45943,1.45973,1.88,1.50
2011.12.13 12:05:40.714,1.45945,1.45977,1.88,2.63
2011.12.13 12:05:41.032,1.45944,1.45974,2.25,1.50
2011.12.13 12:05:41.480,1.45943,1.45974,1.07,1.50
2011.12.13 12:05:43.553,1.45946,1.45976,2.25,1.50
2011.12.13 12:05:43.634,1.45946,1.45976,2.25,1.50
2011.12.13 12:05:43.792,1.45945,1.45973,1.13,1.50
2011.12.13 12:05:44.170,1.45946,1.45976,4.47,2.63
2011.12.13 12:05:44.604,1.45946,1.45976,1.88,1.50
2011.12.13 12:05:44.695,1.45941,1.45973,2.63,1.50
2011.12.13 12:05:44.974,1.4594,1.4597,1.13,1.50
2011.12.13 12:05:45.322,1.45937,1.45966,1.13,1.50
2011.12.13 12:05:47.117,1.45936,1.45966,1.88,1.50
2011.12.13 12:05:47.663,1.45936,1.45966,1.88,1.50
2011.12.13 12:05:47.730,1.45936,1.45964,1.88,1.50
2011.12.13 12:05:47.803,1.45932,1.45963,1.13,1.50
2011.12.13 12:05:48.492,1.45931,1.45963,1.88,1.50
2011.12.13 12:05:51.002,1.45933,1.45965,1.88,1.50
2011.12.13 12:05:52.876,1.45935,1.45965,1.13,1.50
2011.12.13 12:05:56.365,1.45935,1.45965,1.13,1.50
2011.12.13 12:05:57.276,1.45933,1.45965,1.50,3.00
2011.12.13 12:05:57.364,1.45931,1.45962,2.63,1.50
2011.12.13 12:05:57.658,1.45927,1.45957,1.13,1.50
2011.12.13 12:05:58.371,1.45929,1.45959,2.25,4.13
2011.12.13 12:05:58.675,1.45924,1.45954,1.47,2.25
2011.12.13 12:05:58.960,1.45924,1.45953,1.47,1.50
2011.12.13 12:05:59.175,1.45924,1.45953,1.47,1.50
2011.12.13 12:05:59.953,1.45924,1.45951,1.13,2.25
2011.12.13 12:06:00.397,1.45924,1.45954,1.13,1.50
2011.12.13 12:06:01.031,1.45925,1.45957,1.88,1.88
2011.12.13 12:06:06.552,1.45927,1.45959,1.88,2.25
2011.12.13 12:06:08.713,1.45927,1.45959,1.88,2.25
2011.12.13 12:06:08.983,1.45927,1.45959,1.88,2.25
2011.12.13 12:06:09.054,1.45927,1.45959,1.88,2.25
2011.12.13 12:06:10.205,1.45927,1.45959,1.88,2.25
2011.12.13 12:06:11.051,1.45927,1.45959,2.25,2.25
2011.12.13 12:06:11.845,1.45927,1.45959,2.25,2.25
2011.12.13 12:06:12.381,1.45926,1.45956,2.25,1.50
2011.12.13 12:06:13.246,1.45927,1.45959,2.25,2.25
2011.12.13 12:06:14.044,1.45925,1.45955,4.50,1.50
2011.12.13 12:06:14.246,1.45925,1.45955,2.63,1.50
2011.12.13 12:06:14.824,1.45925,1.45953,1.13,1.50
2011.12.13 12:06:15.333,1.45923,1.45953,2.63,1.88
2011.12.13 12:06:20.850,1.45923,1.45954,1.13,1.88
2011.12.13 12:06:25.388,1.45923,1.45954,1.13,2.63
2011.12.13 12:06:26.120,1.45923,1.45954,1.13,2.63
2011.12.13 12:06:26.264,1.45931,1.45958,1.50,1.50
2011.12.13 12:06:26.404,1.45934,1.45963,1.50,2.25
2011.12.13 12:06:26.653,1.45934,1.45964,2.63,1.88
2011.12.13 12:06:26.962,1.45932,1.45961,2.25,1.50
2011.12.13 12:06:27.289,1.45929,1.45959,3.00,1.50
2011.12.13 12:06:27.717,1.4593,1.45961,2.25,1.50
2011.12.13 12:06:28.355,1.45934,1.45964,1.88,1.50
2011.12.13 12:06:28.868,1.45934,1.45964,2.20,1.50
2011.12.13 12:06:29.171,1.45934,1.45964,1.50,1.84
2011.12.13 12:06:29.261,1.45933,1.45965,2.63,1.84
2011.12.13 12:06:29.346,1.45933,1.45965,2.63,1.50
2011.12.13 12:06:29.426,1.45933,1.45963,1.13,1.50
2011.12.13 12:06:29.996,1.45934,1.45964,1.88,1.88
2011.12.13 12:06:30.296,1.45934,1.45964,1.88,1.88
2011.12.13 12:06:30.373,1.45936,1.45966,1.88,1.88
2011.12.13 12:06:31.573,1.45937,1.45969,1.88,1.88
2011.12.13 12:06:35.125,1.45937,1.45969,1.50,1.88
2011.12.13 12:06:37.076,1.45936,1.45965,1.50,1.50
2011.12.13 12:06:37.152,1.45933,1.45963,3.38,1.50
2011.12.13 12:06:37.484,1.45933,1.45963,3.38,1.88
2011.12.13 12:06:39.234,1.45933,1.45963,1.88,1.88
2011.12.13 12:06:40.290,1.45939,1.45971,1.88,1.88
2011.12.13 12:06:40.891,1.45939,1.45971,1.88,1.88
2011.12.13 12:06:41.671,1.45939,1.45971,1.88,1.50
2011.12.13 12:06:41.743,1.4594,1.45971,2.25,1.50
2011.12.13 12:06:41.872,1.45942,1.45974,2.25,1.88
2011.12.13 12:06:42.654,1.45942,1.45971,2.25,1.50
2011.12.13 12:06:42.724,1.45939,1.45969,2.25,1.50
2011.12.13 12:06:47.449,1.4594,1.45972,1.50,2.25
2011.12.13 12:06:47.855,1.45944,1.45973,1.50,2.63
2011.12.13 12:06:47.921,1.45944,1.45973,1.50,1.88
2011.12.13 12:06:48.064,1.45947,1.45973,1.50,1.88
2011.12.13 12:06:48.574,1.45947,1.45976,1.50,1.09
2011.12.13 12:06:48.659,1.45945,1.45975,1.50,2.25
2011.12.13 12:06:49.229,1.45946,1.45978,1.88,2.22
2011.12.13 12:06:50.321,1.45944,1.45976,2.25,1.84
2011.12.13 12:06:50.766,1.45947,1.45977,1.50,3.34
2011.12.13 12:06:51.801,1.45944,1.45976,2.25,1.84
2011.12.13 12:06:52.542,1.45942,1.45973,2.63,1.50
2011.12.13 12:06:53.278,1.45941,1.45973,1.88,1.50
2011.12.13 12:06:54.536,1.45941,1.45973,1.88,2.25
2011.12.13 12:06:55.371,1.45941,1.45973,1.88,2.25
2011.12.13 12:06:58.353,1.45941,1.45973,1.88,2.25
2011.12.13 12:06:58.912,1.45941,1.45973,1.88,2.25
2011.12.13 12:06:59.531,1.45941,1.45973,1.88,2.25
2011.12.13 12:07:00.383,1.45941,1.45973,1.88,2.25
2011.12.13 12:07:02.343,1.45941,1.45973,1.88,1.50
2011.12.13 12:07:06.423,1.45941,1.45973,1.88,2.25
2011.12.13 12:07:06.563,1.45939,1.45969,1.88,1.50
2011.12.13 12:07:06.634,1.45942,1.45971,1.88,1.50
2011.12.13 12:07:07.360,1.45942,1.45972,1.88,2.25
2011.12.13 12:07:09.393,1.45942,1.45972,2.25,2.25
2011.12.13 12:07:12.232,1.45942,1.45972,2.25,1.50
2011.12.13 12:07:12.303,1.45945,1.45974,2.59,2.25
2011.12.13 12:07:12.923,1.45945,1.45977,2.59,2.25
2011.12.13 12:07:14.019,1.45945,1.45977,2.59,2.25
2011.12.13 12:07:14.784,1.45952,1.45983,1.13,1.50
2011.12.13 12:07:14.851,1.45952,1.45983,1.13,1.50
2011.12.13 12:07:15.192,1.45949,1.4598,1.50,1.50
2011.12.13 12:07:15.510,1.45946,1.45976,2.25,2.25
2011.12.13 12:07:18.674,1.45946,1.45976,2.25,2.25
2011.12.13 12:07:18.891,1.45948,1.45978,2.25,2.25
2011.12.13 12:07:18.968,1.45948,1.45978,3.00,1.50
2011.12.13 12:07:19.051,1.45948,1.45978,2.63,1.50
2011.12.13 12:07:19.130,1.45948,1.45978,2.25,2.25
2011.12.13 12:07:19.653,1.45946,1.45976,1.50,2.63
2011.12.13 12:07:19.912,1.45946,1.45976,1.50,2.63
2011.12.13 12:07:20.491,1.45947,1.45976,1.50,1.13
2011.12.13 12:07:20.994,1.45945,1.45973,1.09,1.50
2011.12.13 12:07:22.873,1.45942,1.45972,2.25,2.25
2011.12.13 12:07:23.903,1.45942,1.45972,2.25,1.50
2011.12.13 12:07:24.210,1.45942,1.45972,2.25,2.25
2011.12.13 12:07:26.137,1.45938,1.4597,2.25,2.25
2011.12.13 12:07:26.319,1.45937,1.45967,1.50,2.25
2011.12.13 12:07:26.843,1.45938,1.45968,1.88,1.88
2011.12.13 12:07:27.127,1.4594,1.45972,1.50,1.88
2011.12.13 12:07:28.754,1.4594,1.45972,2.25,1.50
2011.12.13 12:07:28.831,1.45943,1.45973,1.50,1.13
2011.12.13 12:07:33.934,1.45943,1.45975,1.88,2.25
2011.12.13 12:07:34.002,1.45943,1.45975,2.22,2.25
2011.12.13 12:07:34.148,1.4595,1.45982,1.50,3.81
2011.12.13 12:07:34.228,1.4595,1.45982,1.50,4.56
2011.12.13 12:07:34.611,1.45948,1.4598,2.25,1.88
2011.12.13 12:07:34.705,1.45945,1.45977,1.50,2.63
2011.12.13 12:07:34.773,1.45948,1.45977,1.50,1.13
2011.12.13 12:07:35.275,1.45948,1.45978,1.50,2.63
2011.12.13 12:07:35.419,1.45945,1.45975,1.50,1.50
2011.12.13 12:07:35.498,1.45945,1.45975,1.88,1.50
2011.12.13 12:07:35.705,1.45946,1.45978,1.50,3.38
2011.12.13 12:07:35.845,1.45949,1.45978,1.50,1.88
2011.12.13 12:07:36.182,1.45952,1.45982,1.88,1.13
2011.12.13 12:07:36.256,1.45952,1.45984,1.88,2.59
2011.12.13 12:07:36.603,1.45952,1.45984,1.88,1.84
2011.12.13 12:07:37.112,1.45953,1.45983,1.88,1.50
2011.12.13 12:07:37.191,1.45956,1.45986,1.82,3.75
2011.12.13 12:07:37.556,1.45958,1.45988,1.88,2.25
2011.12.13 12:07:38.205,1.45961,1.45991,1.50,1.88
2011.12.13 12:07:38.339,1.45958,1.4599,2.25,2.25
2011.12.13 12:07:38.722,1.4596,1.45991,1.50,2.25
2011.12.13 12:07:39.561,1.4596,1.45992,1.50,3.00
2011.12.13 12:07:40.346,1.45961,1.45991,1.50,1.88
2011.12.13 12:07:41.107,1.45961,1.45991,2.25,1.50
2011.12.13 12:07:41.192,1.45963,1.45993,1.50,1.88
2011.12.13 12:07:41.497,1.45961,1.45993,1.50,1.88
2011.12.13 12:07:44.425,1.45964,1.45994,1.50,2.25
2011.12.13 12:07:44.925,1.45966,1.45995,3.00,1.13
2011.12.13 12:07:45.233,1.45968,1.45998,1.50,3.75
2011.12.13 12:07:47.123,1.45968,1.45997,1.50,1.13
2011.12.13 12:07:47.200,1.4597,1.45997,1.50,1.13
2011.12.13 12:07:47.751,1.45968,1.46,1.88,1.88
2011.12.13 12:07:47.823,1.4597,1.46001,1.50,1.88
2011.12.13 12:07:48.913,1.4597,1.46002,1.50,1.88
2011.12.13 12:07:49.454,1.45969,1.45999,1.50,1.88
2011.12.13 12:07:49.678,1.45966,1.45996,1.50,1.50
2011.12.13 12:07:50.033,1.45968,1.46,1.50,2.25
2011.12.13 12:07:50.361,1.4597,1.46002,2.25,3.75
2011.12.13 12:07:50.431,1.45967,1.45999,2.25,1.88
2011.12.13 12:07:50.944,1.45967,1.45999,1.50,3.75
2011.12.13 12:07:51.244,1.45967,1.45999,1.50,3.75
2011.12.13 12:07:51.781,1.45965,1.45997,2.63,2.25
2011.12.13 12:07:52.670,1.45965,1.45997,1.88,2.25
2011.12.13 12:07:53.003,1.45964,1.45993,1.13,1.88
2011.12.13 12:07:53.303,1.45964,1.45993,1.13,1.88
2011.12.13 12:07:53.866,1.45961,1.4599,1.88,1.50
2011.12.13 12:07:54.231,1.45969,1.4599,2.25,1.50
2011.12.13 12:07:54.316,1.45972,1.46002,2.25,1.88
2011.12.13 12:07:54.457,1.45969,1.46001,1.50,1.88
2011.12.13 12:07:57.625,1.45969,1.45999,1.50,1.50
2011.12.13 12:08:04.412,1.45969,1.45999,1.50,1.50
2011.12.13 12:08:04.913,1.45969,1.46,1.50,1.50
2011.12.13 12:08:06.042,1.45972,1.46001,1.50,1.50
2011.12.13 12:08:06.547,1.45975,1.46005,1.50,4.88
2011.12.13 12:08:06.682,1.45969,1.46001,2.63,1.50
2011.12.13 12:08:06.764,1.45975,1.46001,2.25,1.50
2011.12.13 12:08:07.117,1.45979,1.46001,1.50,1.50
2011.12.13 12:08:07.196,1.45979,1.4601,1.50,1.88
2011.12.13 12:08:07.278,1.45978,1.4601,3.00,1.88
2011.12.13 12:08:07.358,1.45978,1.46006,1.50,1.50
2011.12.13 12:08:08.048,1.45977,1.46009,2.25,1.88
2011.12.13 12:08:08.579,1.45978,1.46007,1.50,1.50
2011.12.13 12:08:08.728,1.45982,1.46007,1.07,1.50
2011.12.13 12:08:09.317,1.45978,1.46007,1.09,1.88
2011.12.13 12:08:09.466,1.45977,1.46007,1.09,1.50
2011.12.13 12:08:12.957,1.45978,1.46008,2.57,1.88
2011.12.13 12:08:13.447,1.45978,1.46008,2.20,2.25
2011.12.13 12:08:14.018,1.45976,1.46007,2.25,1.50
2011.12.13 12:08:14.510,1.45974,1.46004,1.50,1.50
2011.12.13 12:08:14.599,1.45974,1.46004,1.50,1.50
2011.12.13 12:08:14.754,1.45974,1.46,1.50,1.50
2011.12.13 12:08:15.042,1.45973,1.46003,1.07,1.50
2011.12.13 12:08:15.190,1.45972,1.46001,1.50,1.50
2011.12.13 12:08:15.532,1.45972,1.45999,1.50,1.50
2011.12.13 12:08:16.055,1.4597,1.46002,2.25,3.00
2011.12.13 12:08:16.131,1.45968,1.46,2.25,1.50
2011.12.13 12:08:16.485,1.45973,1.46002,1.13,1.88
2011.12.13 12:08:17.074,1.45972,1.46002,1.88,1.50
2011.12.13 12:08:18.206,1.45974,1.46006,1.88,1.50
2011.12.13 12:08:18.492,1.45979,1.46008,1.88,1.50
2011.12.13 12:08:18.781,1.45984,1.46008,1.07,1.50
2011.12.13 12:08:18.929,1.45984,1.46013,2.16,1.88
2011.12.13 12:08:19.150,1.45984,1.46013,2.91,1.50
2011.12.13 12:08:19.620,1.45985,1.46015,2.20,1.50
2011.12.13 12:08:19.780,1.45992,1.4602,2.25,1.88
2011.12.13 12:08:20.080,1.45995,1.46021,1.50,1.50
2011.12.13 12:08:20.203,1.45995,1.46022,1.50,1.50
2011.12.13 12:08:21.356,1.45995,1.46023,1.50,1.47
2011.12.13 12:08:21.540,1.45989,1.46021,2.25,2.59
2011.12.13 12:08:21.865,1.4599,1.46021,1.13,1.88
2011.12.13 12:08:22.486,1.4599,1.46017,1.13,1.50
2011.12.13 12:08:22.643,1.45987,1.46016,2.25,1.50
2011.12.13 12:08:22.725,1.45983,1.46015,3.00,1.50
2011.12.13 12:08:22.803,1.45983,1.46011,1.50,1.50
2011.12.13 12:08:22.955,1.45984,1.46014,2.25,1.88
2011.12.13 12:08:23.042,1.45984,1.46014,2.25,1.88
2011.12.13 12:08:23.314,1.45984,1.46014,1.50,1.88
2011.12.13 12:08:24.102,1.45985,1.46015,1.50,2.25
2011.12.13 12:08:24.200,1.45983,1.46013,1.50,1.50
2011.12.13 12:08:24.676,1.45983,1.46013,2.25,1.50
2011.12.13 12:08:25.033,1.45983,1.46013,1.50,1.50
2011.12.13 12:08:25.111,1.4598,1.46011,1.09,1.50
2011.12.13 12:08:25.465,1.45979,1.4601,1.88,1.13
2011.12.13 12:08:25.824,1.45974,1.46004,3.38,1.88
2011.12.13 12:08:25.910,1.45971,1.46001,2.63,1.50
2011.12.13 12:08:26.335,1.45971,1.46001,1.88,1.50
2011.12.13 12:08:26.562,1.45969,1.46,1.13,1.50
2011.12.13 12:08:26.899,1.4597,1.46002,1.50,1.50
2011.12.13 12:08:27.469,1.45973,1.46005,1.50,1.50
2011.12.13 12:08:27.826,1.45971,1.46001,2.25,1.50
2011.12.13 12:08:27.894,1.45973,1.46005,1.88,1.50
2011.12.13 12:08:28.104,1.45973,1.46005,1.88,1.50
2011.12.13 12:08:29.188,1.45976,1.46007,2.63,1.50
2011.12.13 12:08:29.471,1.45976,1.46008,2.63,1.50
2011.12.13 12:08:30.309,1.45976,1.46008,2.63,1.50
2011.12.13 12:08:30.811,1.45976,1.46008,2.63,1.50
2011.12.13 12:08:30.881,1.45976,1.46008,2.63,1.50
2011.12.13 12:08:32.505,1.45975,1.46004,1.50,1.50
2011.12.13 12:08:32.959,1.45976,1.46007,1.88,1.50
2011.12.13 12:08:33.496,1.45976,1.46007,1.88,1.50
2011.12.13 12:08:33.886,1.45974,1.46004,3.00,1.50
2011.12.13 12:08:33.974,1.45977,1.46007,1.88,2.25
2011.12.13 12:08:34.500,1.45977,1.46007,2.25,1.50
2011.12.13 12:08:35.017,1.45977,1.46007,2.25,1.50
2011.12.13 12:08:35.523,1.45979,1.46011,1.88,1.50
2011.12.13 12:08:35.973,1.45982,1.46014,1.88,2.25
2011.12.13 12:08:37.475,1.45982,1.46013,1.88,1.50
2011.12.13 12:08:37.612,1.45981,1.46011,1.13,1.50
2011.12.13 12:08:38.175,1.45979,1.46011,1.88,1.50
2011.12.13 12:08:39.409,1.45979,1.46011,1.88,1.50
2011.12.13 12:08:40.271,1.45979,1.46011,1.88,1.50
2011.12.13 12:08:40.602,1.45979,1.46011,1.88,1.50
2011.12.13 12:08:41.543,1.45979,1.4601,1.88,1.50
2011.12.13 12:08:41.617,1.45979,1.4601,1.88,1.50
2011.12.13 12:08:41.697,1.45977,1.46007,3.34,2.25
2011.12.13 12:08:42.500,1.45977,1.46007,2.59,2.25
2011.12.13 12:08:43.316,1.45977,1.46007,2.59,1.50
2011.12.13 12:08:44.217,1.45977,1.46004,1.09,1.50
2011.12.13 12:08:44.364,1.45974,1.46004,2.25,1.50
2011.12.13 12:08:44.439,1.45974,1.46004,2.25,2.25
2011.12.13 12:08:44.915,1.45967,1.45999,2.63,1.88
2011.12.13 12:08:45.129,1.45971,1.46,1.88,1.13
2011.12.13 12:08:45.583,1.45968,1.45998,1.88,1.88
2011.12.13 12:08:45.784,1.45968,1.45998,1.88,1.88
2011.12.13 12:08:46.615,1.45967,1.45997,1.13,2.25
2011.12.13 12:08:47.207,1.45965,1.45997,3.00,2.25
2011.12.13 12:08:47.351,1.45967,1.45999,2.25,2.25
2011.12.13 12:08:47.913,1.45967,1.45999,3.00,1.50
2011.12.13 12:08:47.981,1.45967,1.45999,3.00,1.50
2011.12.13 12:08:50.450,1.45966,1.45997,3.75,1.50
2011.12.13 12:08:51.600,1.45967,1.45999,2.25,2.25
2011.12.13 12:08:52.213,1.45967,1.45998,2.25,1.50
2011.12.13 12:08:52.283,1.45966,1.45996,2.25,1.50
2011.12.13 12:08:52.607,1.45962,1.45994,3.00,2.25
2011.12.13 12:08:52.916,1.45966,1.45996,2.59,1.50
2011.12.13 12:08:53.329,1.45971,1.46001,1.88,2.25
2011.12.13 12:08:53.489,1.45972,1.46001,1.50,1.13
2011.12.13 12:08:53.839,1.45969,1.45999,1.88,1.50
2011.12.13 12:08:53.974,1.45972,1.45999,1.50,1.50
2011.12.13 12:08:54.048,1.45969,1.45999,2.25,1.50
2011.12.13 12:08:54.259,1.4597,1.46002,2.25,2.25
2011.12.13 12:08:54.353,1.45967,1.45997,2.25,1.50
2011.12.13 12:08:54.882,1.45968,1.45997,1.13,1.50
2011.12.13 12:08:54.967,1.45969,1.46001,2.20,1.50
2011.12.13 12:08:55.384,1.45969,1.46001,2.20,1.50
2011.12.13 12:08:55.663,1.45969,1.46001,1.82,1.88
2011.12.13 12:08:55.910,1.45967,1.45997,2.25,1.88
2011.12.13 12:08:55.998,1.45967,1.45997,2.63,1.50
2011.12.13 12:08:56.447,1.45969,1.45999,1.88,2.25
2011.12.13 12:08:56.600,1.45969,1.46001,2.25,1.50
2011.12.13 12:08:57.020,1.45972,1.46002,1.50,1.88
2011.12.13 12:08:57.384,1.45975,1.46005,1.50,1.88
2011.12.13 12:08:58.382,1.45975,1.46005,1.50,1.88
2011.12.13 12:08:59.798,1.45972,1.46004,1.50,3.00
2011.12.13 12:09:00.837,1.45975,1.46003,1.50,1.13
2011.12.13 12:09:01.123,1.45973,1.46003,1.50,2.63
2011.12.13 12:09:01.197,1.45973,1.46002,1.88,1.13
2011.12.13 12:09:01.612,1.45978,1.46004,1.50,1.13
2011.12.13 12:09:02.270,1.45979,1.46008,1.50,2.22
2011.12.13 12:09:02.356,1.45988,1.46018,2.25,1.50
2011.12.13 12:09:02.491,1.45991,1.46021,1.50,1.88
2011.12.13 12:09:02.841,1.45992,1.46024,2.25,1.50
2011.12.13 12:09:02.916,1.45994,1.46024,1.13,1.50
2011.12.13 12:09:03.150,1.45997,1.46029,1.88,1.50
2011.12.13 12:09:03.362,1.46,1.46032,1.88,1.50
2011.12.13 12:09:04.208,1.46007,1.46029,1.13,1.50
2011.12.13 12:09:04.380,1.46005,1.46033,1.13,1.50
2011.12.13 12:09:04.549,1.46004,1.46035,1.13,1.50
2011.12.13 12:09:04.624,1.46003,1.46035,2.25,1.88
2011.12.13 12:09:05.630,1.46004,1.46034,2.25,1.88
2011.12.13 12:09:06.266,1.46005,1.46037,1.50,2.25
2011.12.13 12:09:06.500,1.46008,1.46038,1.50,1.50
2011.12.13 12:09:06.791,1.46012,1.46042,1.88,1.88
2011.12.13 12:09:06.870,1.46015,1.46044,1.88,1.88
2011.12.13 12:09:07.532,1.4602,1.46048,1.13,3.00
2011.12.13 12:09:08.975,1.46015,1.46045,2.25,1.50
2011.12.13 12:09:09.460,1.46012,1.46044,1.88,2.97
2011.12.13 12:09:09.808,1.46012,1.46038,1.50,1.50
2011.12.13 12:09:09.888,1.4601,1.4604,1.50,1.50
2011.12.13 12:09:10.436,1.46013,1.46041,1.50,1.50
2011.12.13 12:09:10.655,1.46011,1.46041,1.88,2.25
2011.12.13 12:09:10.732,1.46012,1.46041,1.88,1.50
2011.12.13 12:09:10.805,1.46013,1.46044,1.88,1.09
2011.12.13 12:09:11.868,1.46013,1.4604,1.50,1.13
2011.12.13 12:09:12.148,1.46014,1.46037,1.50,1.13
2011.12.13 12:09:12.228,1.46014,1.46038,1.50,1.13
2011.12.13 12:09:12.375,1.46014,1.46041,1.88,1.13
2011.12.13 12:09:12.521,1.46016,1.46041,1.50,1.50
2011.12.13 12:09:12.673,1.46019,1.46046,1.50,1.13
2011.12.13 12:09:12.888,1.46019,1.46046,1.50,1.13
2011.12.13 12:09:13.544,1.46019,1.46047,1.50,1.13
2011.12.13 12:09:14.536,1.46016,1.46047,1.50,1.13
2011.12.13 12:09:16.685,1.46014,1.46044,1.88,1.88
2011.12.13 12:09:17.157,1.4601,1.46042,2.63,1.50
2011.12.13 12:09:17.324,1.46008,1.46037,1.13,1.50
2011.12.13 12:09:17.599,1.46009,1.46039,1.88,2.25
2011.12.13 12:09:17.687,1.46009,1.46039,2.25,2.25
2011.12.13 12:09:18.027,1.46007,1.46037,2.59,1.50
2011.12.13 12:09:18.105,1.46007,1.46037,2.59,1.50
2011.12.13 12:09:18.271,1.46007,1.46035,1.09,2.25
2011.12.13 12:09:18.786,1.46003,1.46035,2.25,2.25
2011.12.13 12:09:18.865,1.46003,1.46035,2.25,2.25
2011.12.13 12:09:18.942,1.46001,1.46031,2.25,1.50
2011.12.13 12:09:19.158,1.45998,1.46029,1.50,1.50
2011.12.13 12:09:19.305,1.45997,1.46027,1.50,1.50
2011.12.13 12:09:19.822,1.45998,1.46028,2.25,1.50
2011.12.13 12:09:20.427,1.45998,1.46028,2.25,1.50
2011.12.13 12:09:20.794,1.45995,1.46026,2.25,1.50
2011.12.13 12:09:22.202,1.45998,1.46028,2.25,1.50
2011.12.13 12:09:22.278,1.45998,1.46028,2.25,3.00
2011.12.13 12:09:22.353,1.45995,1.46027,2.25,1.50
2011.12.13 12:09:22.904,1.45995,1.46027,2.25,2.25
2011.12.13 12:09:23.253,1.45995,1.46027,2.25,2.25
2011.12.13 12:09:23.792,1.45993,1.46023,1.88,1.50
2011.12.13 12:09:24.244,1.46001,1.46033,1.88,3.75
2011.12.13 12:09:24.322,1.46,1.4603,2.25,2.25
2011.12.13 12:09:24.663,1.45997,1.46026,2.25,2.25
2011.12.13 12:09:25.029,1.45994,1.46026,2.25,2.25
2011.12.13 12:09:25.434,1.45994,1.46026,2.25,2.25
2011.12.13 12:09:26.213,1.46,1.46032,2.25,1.50
2011.12.13 12:09:26.288,1.46,1.46032,2.25,2.25
2011.12.13 12:09:26.435,1.46,1.46032,2.25,2.25
2011.12.13 12:09:26.506,1.46,1.46032,2.25,2.25
2011.12.13 12:09:26.717,1.46,1.46032,2.25,2.25
2011.12.13 12:09:26.867,1.46001,1.46031,2.25,2.25
2011.12.13 12:09:28.031,1.46,1.46028,1.50,1.13
2011.12.13 12:09:28.178,1.45998,1.46028,3.38,2.63
2011.12.13 12:09:28.326,1.46,1.46028,1.50,1.13
2011.12.13 12:09:28.692,1.46004,1.46026,1.50,1.13
2011.12.13 12:09:29.240,1.46004,1.46026,1.50,1.13
2011.12.13 12:09:29.327,1.45997,1.46029,2.25,2.25
2011.12.13 12:09:29.738,1.46002,1.46029,1.50,2.63
2011.12.13 12:09:29.803,1.46005,1.46029,1.50,1.13
2011.12.13 12:09:29.880,1.46003,1.46029,1.50,1.13
2011.12.13 12:09:30.898,1.46005,1.46029,1.50,1.13
2011.12.13 12:09:31.244,1.46019,1.46036,1.50,1.50
2011.12.13 12:09:31.523,1.46016,1.46036,1.50,1.50
2011.12.13 12:09:31.724,1.46014,1.46038,1.50,1.50
2011.12.13 12:09:31.793,1.46011,1.46041,1.50,1.88
2011.12.13 12:09:32.308,1.46014,1.46043,1.50,1.88
2011.12.13 12:09:32.869,1.4601,1.46042,1.88,1.50
2011.12.13 12:09:32.960,1.46007,1.46037,1.88,1.13
2011.12.13 12:09:33.505,1.4601,1.46038,1.50,1.47
2011.12.13 12:09:33.833,1.4601,1.46042,1.88,2.63
2011.12.13 12:09:33.903,1.46013,1.46042,1.88,1.13
2011.12.13 12:09:35.135,1.46008,1.46038,1.88,2.25
2011.12.13 12:09:35.356,1.46005,1.46035,2.25,2.25
2011.12.13 12:09:35.904,1.46002,1.46034,3.75,2.25
2011.12.13 12:09:36.396,1.46002,1.46034,2.25,2.25
2011.12.13 12:09:36.565,1.46002,1.46034,2.25,2.25
2011.12.13 12:09:37.027,1.46005,1.46037,2.25,1.50
2011.12.13 12:09:37.108,1.46009,1.4604,2.25,1.50
2011.12.13 12:09:37.466,1.46012,1.46042,2.25,2.63
2011.12.13 12:09:37.678,1.46012,1.46042,2.25,1.50
2011.12.13 12:09:37.901,1.46015,1.46044,1.88,1.13
2011.12.13 12:09:38.539,1.46015,1.46044,1.88,1.13
2011.12.13 12:09:38.626,1.46015,1.46044,1.88,1.13
2011.12.13 12:09:39.166,1.46015,1.46044,1.88,1.13
2011.12.13 12:09:40.000,1.46015,1.46045,1.88,2.25
2011.12.13 12:09:40.413,1.46014,1.46045,1.88,2.25
2011.12.13 12:09:41.379,1.46013,1.46045,1.88,2.25
2011.12.13 12:09:41.842,1.46013,1.46045,1.88,2.25
2011.12.13 12:09:42.615,1.46013,1.46045,1.88,2.25
2011.12.13 12:09:43.525,1.46015,1.46046,1.88,1.50
2011.12.13 12:09:44.486,1.46013,1.46045,3.38,2.25
2011.12.13 12:09:44.781,1.46013,1.46045,1.88,2.25
2011.12.13 12:09:45.245,1.4601,1.46042,2.25,1.50
2011.12.13 12:09:45.812,1.4601,1.46042,2.25,1.50
2011.12.13 12:09:46.372,1.46015,1.46044,1.88,2.25
2011.12.13 12:09:46.449,1.46016,1.46047,1.88,1.13
2011.12.13 12:09:46.667,1.46016,1.46048,1.88,2.63
2011.12.13 12:09:47.197,1.46019,1.46049,1.88,2.59
2011.12.13 12:09:47.492,1.46022,1.46052,1.88,2.25
2011.12.13 12:09:48.643,1.46025,1.46054,1.88,1.13
2011.12.13 12:09:48.852,1.46025,1.46054,1.88,1.13
2011.12.13 12:09:49.268,1.4602,1.46048,1.50,2.25
2011.12.13 12:09:49.415,1.46013,1.46045,2.25,1.50
2011.12.13 12:09:49.703,1.46013,1.46043,1.88,1.13
2011.12.13 12:09:49.902,1.46011,1.46041,1.88,1.50
2011.12.13 12:09:50.432,1.46012,1.46041,1.50,1.50
2011.12.13 12:09:50.793,1.46013,1.46045,2.25,1.88
2011.12.13 12:09:51.485,1.46013,1.46045,2.25,2.25
2011.12.13 12:09:51.985,1.46013,1.46045,2.25,1.50
2011.12.13 12:09:52.195,1.4602,1.46048,1.50,2.63
2011.12.13 12:09:52.524,1.46021,1.46049,1.88,1.84
2011.12.13 12:09:53.026,1.46021,1.46049,1.88,1.47
2011.12.13 12:09:54.185,1.4602,1.46049,1.88,1.47
2011.12.13 12:09:54.264,1.46019,1.46049,1.88,2.59
2011.12.13 12:09:54.338,1.46023,1.46049,1.50,1.09
2011.12.13 12:09:54.697,1.46023,1.46048,1.50,1.13
2011.12.13 12:09:54.923,1.4602,1.46045,1.50,1.13
2011.12.13 12:09:55.374,1.46014,1.46044,2.25,2.25
2011.12.13 12:09:55.451,1.46014,1.46044,2.25,2.25
2011.12.13 12:09:55.668,1.46011,1.46041,2.25,2.25
2011.12.13 12:09:56.477,1.46011,1.46041,1.88,2.25
2011.12.13 12:09:56.559,1.46007,1.46039,2.25,2.25
2011.12.13 12:09:57.342,1.46007,1.46039,2.25,2.25
2011.12.13 12:09:57.433,1.46003,1.46033,1.88,2.63
2011.12.13 12:09:57.506,1.46001,1.46031,1.13,2.25
2011.12.13 12:09:57.658,1.46001,1.46031,1.13,2.25
2011.12.13 12:09:58.082,1.46,1.46031,1.50,2.25
2011.12.13 12:09:58.283,1.46,1.46031,1.50,2.25
2011.12.13 12:09:59.729,1.46005,1.46029,1.50,1.13
2011.12.13 12:10:00.146,1.46003,1.46025,1.50,1.50
2011.12.13 12:10:00.228,1.45996,1.46024,1.13,1.50
2011.12.13 12:10:00.446,1.45996,1.46027,1.13,1.88
2011.12.13 12:10:00.527,1.45997,1.46029,2.25,4.88
2011.12.13 12:10:01.611,1.45996,1.46023,1.50,1.13
2011.12.13 12:10:01.938,1.45996,1.46026,2.63,1.50
2011.12.13 12:10:02.015,1.46004,1.46029,1.50,1.94
2011.12.13 12:10:02.225,1.46004,1.4603,1.50,1.13
2011.12.13 12:10:02.296,1.46008,1.46034,1.50,1.13
2011.12.13 12:10:02.495,1.46008,1.46036,1.50,1.13
2011.12.13 12:10:03.045,1.46006,1.46035,1.88,2.63
2011.12.13 12:10:03.185,1.46005,1.46035,1.88,2.63
2011.12.13 12:10:03.502,1.45999,1.46031,2.25,2.25
2011.12.13 12:10:03.703,1.45999,1.46031,2.25,2.25
2011.12.13 12:10:03.844,1.46003,1.46033,1.50,2.25
2011.12.13 12:10:04.548,1.46003,1.46033,1.50,2.25
2011.12.13 12:10:04.624,1.46003,1.46033,1.88,2.25
2011.12.13 12:10:04.692,1.46003,1.46033,2.25,2.25
2011.12.13 12:10:05.102,1.46003,1.46033,2.25,2.25
2011.12.13 12:10:05.244,1.46003,1.46033,1.88,2.63
2011.12.13 12:10:05.583,1.46001,1.46028,2.25,2.25
2011.12.13 12:10:06.094,1.46001,1.46025,1.88,2.25
2011.12.13 12:10:06.174,1.45999,1.46029,1.50,1.50
2011.12.13 12:10:06.383,1.45999,1.46029,1.50,1.50
2011.12.13 12:10:06.592,1.45997,1.46026,1.50,1.50
2011.12.13 12:10:06.665,1.45996,1.46026,2.25,2.25
2011.12.13 12:10:07.071,1.46001,1.46028,1.50,2.25
2011.12.13 12:10:07.278,1.45998,1.46028,2.25,2.25
2011.12.13 12:10:07.581,1.45998,1.46028,2.25,2.25
2011.12.13 12:10:09.413,1.46,1.46032,3.75,1.50
2011.12.13 12:10:09.993,1.46004,1.46034,2.63,2.63
2011.12.13 12:10:10.375,1.46002,1.46032,1.50,1.50
2011.12.13 12:10:12.405,1.46001,1.46032,1.50,2.25
2011.12.13 12:10:13.043,1.46002,1.46032,1.50,1.50
2011.12.13 12:10:13.932,1.45997,1.46027,1.88,1.50
2011.12.13 12:10:14.422,1.45999,1.46029,1.88,2.63
2011.12.13 12:10:14.495,1.45999,1.46029,1.88,2.63
2011.12.13 12:10:14.635,1.45999,1.46029,1.88,1.88
2011.12.13 12:10:14.914,1.45999,1.46029,1.88,1.88
2011.12.13 12:10:14.982,1.45999,1.46029,2.25,1.50
2011.12.13 12:10:15.117,1.46001,1.46033,2.25,1.50
2011.12.13 12:10:15.402,1.46001,1.46033,2.25,1.88
2011.12.13 12:10:15.921,1.46,1.46031,1.13,1.88
2011.12.13 12:10:16.441,1.46001,1.46033,2.25,2.25
2011.12.13 12:10:18.176,1.46,1.4603,3.38,1.50
2011.12.13 12:10:18.864,1.46001,1.4603,1.13,1.50
2011.12.13 12:10:19.362,1.45998,1.46028,1.50,1.50
2011.12.13 12:10:19.883,1.46002,1.46031,1.13,2.63
2011.12.13 12:10:20.321,1.46001,1.46033,3.38,1.88
2011.12.13 12:10:20.391,1.46001,1.46033,3.38,1.50
2011.12.13 12:10:20.830,1.46001,1.46033,3.38,2.25
2011.12.13 12:10:21.195,1.46001,1.46031,3.38,1.13
2011.12.13 12:10:21.538,1.46003,1.46031,1.13,1.13
2011.12.13 12:10:21.629,1.46005,1.46033,1.50,1.13
2011.12.13 12:10:21.705,1.46007,1.46033,1.13,1.13
2011.12.13 12:10:22.052,1.46009,1.46039,2.63,2.22
2011.12.13 12:10:22.566,1.46009,1.46039,2.63,2.22
2011.12.13 12:10:23.091,1.4601,1.46038,1.13,2.97
2011.12.13 12:10:23.755,1.4601,1.46038,1.13,2.97
2011.12.13 12:10:23.975,1.46012,1.46037,1.13,1.50
2011.12.13 12:10:24.464,1.46013,1.4604,1.13,2.63
2011.12.13 12:10:25.817,1.46014,1.4604,1.13,1.88
2011.12.13 12:10:25.970,1.46017,1.46042,1.88,1.84
2011.12.13 12:10:26.479,1.46029,1.46056,1.50,6.38
2011.12.13 12:10:26.554,1.46026,1.46056,1.50,5.63
2011.12.13 12:10:26.691,1.46026,1.46056,1.50,5.63
2011.12.13 12:10:27.233,1.46026,1.46056,1.50,5.63
2011.12.13 12:10:27.644,1.46029,1.46056,1.50,1.13
2011.12.13 12:10:27.791,1.46027,1.46053,1.50,1.13
2011.12.13 12:10:27.936,1.46023,1.46053,1.50,1.13
2011.12.13 12:10:28.003,1.46023,1.46053,1.50,1.13
2011.12.13 12:10:29.173,1.46024,1.46052,1.50,1.13
2011.12.13 12:10:29.873,1.46025,1.46054,1.50,1.13
2011.12.13 12:10:30.475,1.46026,1.46054,1.50,1.13
2011.12.13 12:10:31.840,1.46029,1.46055,1.50,1.13
2011.12.13 12:10:32.125,1.46029,1.46055,1.50,1.13
2011.12.13 12:10:32.523,1.46026,1.46055,1.88,1.13
2011.12.13 12:10:33.065,1.46026,1.46055,1.88,1.13
2011.12.13 12:10:33.749,1.46027,1.46057,2.25,5.25
2011.12.13 12:10:34.367,1.46028,1.46057,2.25,5.25
2011.12.13 12:10:35.053,1.46028,1.46057,2.25,5.25
2011.12.13 12:10:35.481,1.46027,1.46055,2.63,1.13
2011.12.13 12:10:35.944,1.46027,1.46055,1.13,2.63
2011.12.13 12:10:36.082,1.46023,1.46055,1.88,2.63
2011.12.13 12:10:37.170,1.46025,1.46054,2.63,1.13
2011.12.13 12:10:37.316,1.46025,1.46054,1.88,1.13
2011.12.13 12:10:37.533,1.4602,1.4605,1.88,1.50
2011.12.13 12:10:38.261,1.4602,1.4605,1.88,2.25
2011.12.13 12:10:38.472,1.4602,1.4605,1.88,2.25
2011.12.13 12:10:38.981,1.4602,1.4605,1.88,2.25
2011.12.13 12:10:39.336,1.46018,1.46048,1.50,1.50
2011.12.13 12:10:39.991,1.46018,1.4605,3.00,2.25
2011.12.13 12:10:41.365,1.46018,1.4605,3.00,1.50
2011.12.13 12:10:42.923,1.46018,1.4605,3.00,1.50
2011.12.13 12:10:45.900,1.4602,1.4605,1.88,2.25
2011.12.13 12:10:46.467,1.46016,1.46046,2.25,1.50
2011.12.13 12:10:46.977,1.46013,1.46042,1.09,1.50
2011.12.13 12:10:47.332,1.46013,1.46035,1.09,1.50
2011.12.13 12:10:47.543,1.46006,1.46035,1.13,1.50
2011.12.13 12:10:48.006,1.46006,1.46033,1.13,1.50
2011.12.13 12:10:48.143,1.46006,1.46033,1.13,1.50
2011.12.13 12:10:48.686,1.46006,1.46035,1.13,2.25
2011.12.13 12:10:48.752,1.46006,1.46035,1.13,2.25
2011.12.13 12:10:49.930,1.46005,1.46035,1.50,2.25
2011.12.13 12:10:50.011,1.46005,1.46033,1.13,1.50
2011.12.13 12:10:50.372,1.46005,1.46031,1.50,2.25
2011.12.13 12:10:50.714,1.46004,1.4603,1.50,2.25
2011.12.13 12:10:51.203,1.46004,1.46031,1.50,2.25
2011.12.13 12:10:51.984,1.46014,1.46031,4.50,2.25
2011.12.13 12:10:52.130,1.46013,1.46042,1.50,1.84
2011.12.13 12:10:52.206,1.46011,1.4604,1.50,1.50
2011.12.13 12:10:52.279,1.46008,1.46033,1.50,1.50
2011.12.13 12:10:52.623,1.46,1.4603,2.63,1.50
2011.12.13 12:10:52.693,1.46005,1.46033,1.13,3.75
2011.12.13 12:10:55.212,1.46002,1.46033,1.13,2.25
2011.12.13 12:10:55.433,1.46002,1.46033,1.13,3.75
2011.12.13 12:10:55.854,1.4601,1.4603,1.13,1.50
2011.12.13 12:10:55.940,1.46008,1.4604,2.63,2.25
2011.12.13 12:10:56.021,1.46008,1.4604,2.63,2.25
2011.12.13 12:10:56.170,1.46013,1.4604,1.50,2.25
2011.12.13 12:10:56.247,1.46008,1.46039,2.63,2.25
2011.12.13 12:10:56.326,1.46008,1.46036,1.13,1.50
2011.12.13 12:10:56.993,1.46006,1.46035,1.50,1.50
2011.12.13 12:10:57.231,1.46006,1.46037,1.50,2.25
2011.12.13 12:10:57.783,1.46006,1.46037,1.50,2.25
2011.12.13 12:10:57.855,1.46006,1.46037,1.50,2.25
2011.12.13 12:10:58.289,1.46006,1.46035,1.13,2.25
2011.12.13 12:10:58.380,1.46001,1.46032,1.13,2.25
2011.12.13 12:10:58.530,1.46001,1.46031,1.13,2.25
2011.12.13 12:10:58.608,1.46001,1.46029,1.13,1.50
2011.12.13 12:10:58.956,1.45997,1.46027,1.13,1.84
2011.12.13 12:10:59.385,1.45997,1.46026,1.13,2.25
2011.12.13 12:10:59.733,1.45994,1.46023,1.13,1.50
2011.12.13 12:11:00.319,1.45991,1.46018,1.50,2.25
2011.12.13 12:11:00.654,1.45991,1.46021,1.50,2.25
2011.12.13 12:11:01.015,1.45991,1.46018,1.50,1.50
2011.12.13 12:11:01.563,1.45991,1.46018,1.13,1.50
2011.12.13 12:11:02.398,1.45991,1.46019,1.13,2.25
2011.12.13 12:11:02.921,1.45989,1.46018,1.13,1.50
2011.12.13 12:11:03.230,1.45987,1.46018,1.82,2.25
2011.12.13 12:11:03.302,1.45988,1.4602,2.20,2.25
2011.12.13 12:11:03.707,1.45988,1.4602,1.88,2.25
2011.12.13 12:11:04.561,1.45987,1.46018,1.13,2.25
2011.12.13 12:11:04.699,1.45987,1.46018,1.13,2.25
2011.12.13 12:11:05.204,1.45989,1.46018,1.13,2.25
2011.12.13 12:11:06.743,1.45989,1.46019,2.63,2.25
2011.12.13 12:11:07.001,1.45991,1.46019,1.13,2.25
2011.12.13 12:11:07.487,1.45989,1.46018,2.25,1.50
2011.12.13 12:11:07.908,1.45989,1.46018,2.25,1.50
2011.12.13 12:11:07.999,1.4599,1.4602,1.88,1.13
2011.12.13 12:11:08.082,1.45992,1.4602,1.50,1.13
2011.12.13 12:11:08.618,1.45989,1.4602,1.88,1.13
2011.12.13 12:11:10.398,1.45993,1.46021,1.50,1.13
2011.12.13 12:11:10.968,1.45994,1.46021,1.50,1.09
2011.12.13 12:11:11.054,1.45993,1.46021,1.50,1.47
2011.12.13 12:11:11.266,1.4599,1.4602,3.00,1.88
2011.12.13 12:11:11.846,1.45991,1.4602,1.50,1.50
2011.12.13 12:11:11.945,1.45991,1.4602,1.50,1.50
2011.12.13 12:11:12.783,1.45991,1.4602,1.50,1.50
2011.12.13 12:11:13.272,1.45994,1.4602,1.50,1.50
2011.12.13 12:11:13.865,1.45993,1.4602,1.50,1.50
2011.12.13 12:11:14.574,1.45991,1.4602,1.13,2.25
2011.12.13 12:11:14.915,1.45991,1.46021,2.63,1.09
2011.12.13 12:11:15.358,1.45991,1.4602,1.13,2.25
2011.12.13 12:11:15.676,1.45991,1.4602,1.13,2.25
2011.12.13 12:11:16.927,1.45986,1.46018,2.25,2.25
2011.12.13 12:11:17.928,1.45984,1.46015,2.16,2.25
2011.12.13 12:11:18.008,1.45984,1.46012,1.84,1.50
2011.12.13 12:11:18.342,1.45984,1.46012,1.84,2.25
2011.12.13 12:11:19.863,1.45982,1.46012,1.84,2.25
2011.12.13 12:11:21.765,1.45982,1.46012,1.47,2.25
2011.12.13 12:11:23.112,1.45982,1.46012,1.47,2.25
2011.12.13 12:11:24.976,1.4598,1.46009,2.59,1.19
2011.12.13 12:11:25.070,1.4598,1.46008,1.50,1.13
2011.12.13 12:11:25.291,1.45979,1.46008,1.50,1.13
2011.12.13 12:11:25.926,1.4598,1.46008,1.50,1.13
2011.12.13 12:11:25.996,1.4598,1.46008,1.50,1.13
2011.12.13 12:11:26.537,1.4598,1.46012,1.50,1.88
2011.12.13 12:11:26.623,1.45983,1.46013,1.50,1.13
2011.12.13 12:11:26.971,1.45983,1.46015,2.25,2.25
2011.12.13 12:11:27.051,1.45983,1.46015,2.25,2.69
2011.12.13 12:11:27.405,1.45987,1.46017,2.20,2.25
2011.12.13 12:11:28.295,1.45988,1.46019,2.25,2.69
2011.12.13 12:11:28.434,1.45986,1.46018,2.25,2.25
2011.12.13 12:11:30.307,1.45985,1.46015,1.07,2.25
2011.12.13 12:11:30.459,1.45984,1.46013,1.45,1.19
2011.12.13 12:11:31.973,1.45984,1.46015,1.45,2.25
2011.12.13 12:11:32.184,1.45984,1.46015,1.45,2.25
2011.12.13 12:11:32.715,1.45983,1.46015,2.20,2.25
2011.12.13 12:11:32.925,1.45983,1.46015,1.88,2.25
2011.12.13 12:11:33.062,1.45983,1.46015,1.88,2.25
2011.12.13 12:11:33.645,1.45984,1.46015,1.88,2.25
2011.12.13 12:11:34.070,1.45984,1.46013,3.00,1.13
2011.12.13 12:11:34.286,1.45984,1.46013,1.50,1.50
2011.12.13 12:11:34.564,1.45987,1.46014,1.50,1.50
2011.12.13 12:11:36.001,1.45987,1.46014,1.50,1.13
2011.12.13 12:11:36.552,1.45987,1.46014,1.50,1.13
2011.12.13 12:11:37.599,1.45987,1.46014,1.88,1.13
2011.12.13 12:11:37.752,1.45988,1.46017,1.88,1.13
2011.12.13 12:11:38.383,1.45991,1.46016,1.88,1.13
2011.12.13 12:11:38.727,1.45996,1.46024,1.50,1.13
2011.12.13 12:11:39.272,1.45996,1.46024,1.50,1.13
2011.12.13 12:11:40.077,1.45999,1.46026,1.50,1.13
2011.12.13 12:11:40.558,1.45993,1.46021,1.88,1.13
2011.12.13 12:11:41.166,1.45993,1.46021,1.88,1.13
2011.12.13 12:11:41.582,1.45996,1.46021,1.50,1.13
2011.12.13 12:11:41.792,1.45996,1.46022,1.50,1.13
2011.12.13 12:11:42.008,1.45996,1.46027,1.88,1.13
2011.12.13 12:11:42.085,1.45996,1.46027,1.88,1.13
2011.12.13 12:11:43.033,1.45997,1.46029,1.88,2.63
2011.12.13 12:11:43.162,1.45997,1.46029,1.88,2.63
2011.12.13 12:11:43.562,1.45997,1.46028,1.88,1.13
2011.12.13 12:11:45.623,1.45993,1.46024,1.50,1.50
2011.12.13 12:11:45.704,1.45995,1.46025,1.88,2.25
2011.12.13 12:11:45.844,1.45995,1.46025,1.88,1.50
2011.12.13 12:11:45.971,1.45995,1.46025,1.88,1.50
2011.12.13 12:11:46.455,1.45999,1.46028,1.50,2.25
2011.12.13 12:11:46.522,1.45999,1.4603,1.50,1.50
2011.12.13 12:11:46.882,1.45998,1.46027,1.50,1.50
2011.12.13 12:11:47.381,1.45997,1.46027,1.50,2.25
2011.12.13 12:11:48.377,1.45997,1.46027,2.63,1.50
2011.12.13 12:11:48.737,1.46001,1.46033,2.20,2.25
2011.12.13 12:11:49.095,1.46003,1.46033,2.25,2.25
2011.12.13 12:11:49.545,1.46003,1.46033,1.88,2.25
2011.12.13 12:11:50.061,1.46001,1.46033,2.25,2.25
2011.12.13 12:11:50.201,1.46001,1.46033,2.25,2.25
2011.12.13 12:11:50.669,1.46001,1.46033,1.88,2.25
2011.12.13 12:11:51.183,1.45999,1.46031,3.00,2.25
2011.12.13 12:11:51.731,1.46001,1.46033,1.88,2.25
2011.12.13 12:11:53.606,1.45996,1.46028,2.95,1.50
2011.12.13 12:11:53.685,1.45996,1.46028,2.95,2.25
2011.12.13 12:11:55.272,1.45996,1.46028,3.70,2.25
2011.12.13 12:11:59.155,1.46,1.4603,1.04,2.25
2011.12.13 12:11:59.758,1.46,1.4603,1.41,2.25
2011.12.13 12:11:59.851,1.46,1.4603,1.04,2.25
2011.12.13 12:11:59.993,1.46,1.46027,1.04,2.25
2011.12.13 12:12:00.403,1.46,1.46027,1.09,2.25
2011.12.13 12:12:00.476,1.45997,1.46027,1.88,2.63
2011.12.13 12:12:00.618,1.45995,1.46024,1.88,1.50
2011.12.13 12:12:00.696,1.45995,1.46021,1.88,1.50
2011.12.13 12:12:00.975,1.45987,1.46017,2.20,1.50
2011.12.13 12:12:01.258,1.45991,1.46018,1.50,1.13
2011.12.13 12:12:02.193,1.45987,1.46017,1.50,1.50
2011.12.13 12:12:02.731,1.45988,1.46019,1.50,1.13
2011.12.13 12:12:03.410,1.45988,1.4602,1.88,1.88
2011.12.13 12:12:03.721,1.45992,1.4602,1.50,1.13
2011.12.13 12:12:03.974,1.45989,1.4602,1.88,1.13
2011.12.13 12:12:04.102,1.45987,1.46017,1.88,1.50
2011.12.13 12:12:04.297,1.45988,1.4602,1.88,2.63
2011.12.13 12:12:05.045,1.45992,1.46022,1.50,1.88
2011.12.13 12:12:05.394,1.45985,1.46015,2.25,1.88
2011.12.13 12:12:05.466,1.45985,1.46015,2.25,1.88
2011.12.13 12:12:05.540,1.45985,1.46014,1.50,1.13
2011.12.13 12:12:05.898,1.45983,1.46013,1.88,1.88
2011.12.13 12:12:06.256,1.45983,1.46013,1.50,3.00
2011.12.13 12:12:06.847,1.45985,1.46013,1.50,1.50
2011.12.13 12:12:07.206,1.45982,1.46012,1.88,1.13
2011.12.13 12:12:09.400,1.45982,1.46012,1.88,1.13
2011.12.13 12:12:09.724,1.45991,1.46018,1.88,1.88
2011.12.13 12:12:11.294,1.45984,1.46014,1.88,1.88
2011.12.13 12:12:12.443,1.45981,1.46011,1.88,1.88
2011.12.13 12:12:12.897,1.45979,1.46009,2.63,1.50
2011.12.13 12:12:13.466,1.45981,1.46011,1.88,1.88
2011.12.13 12:12:13.663,1.45981,1.46011,1.88,1.88
2011.12.13 12:12:19.283,1.45994,1.46018,1.50,2.25
2011.12.13 12:12:20.311,1.45994,1.46024,2.63,1.88
2011.12.13 12:12:20.642,1.45994,1.46024,2.63,1.88
2011.12.13 12:12:23.022,1.45986,1.46017,1.47,1.88
2011.12.13 12:12:24.457,1.45985,1.46017,2.22,3.00
2011.12.13 12:12:24.534,1.45984,1.4601,1.88,1.50
2011.12.13 12:12:25.732,1.4598,1.4601,2.63,1.50
2011.12.13 12:12:25.881,1.45982,1.46012,1.88,3.00
2011.12.13 12:12:27.896,1.45984,1.46016,2.63,1.88
2011.12.13 12:12:28.441,1.45984,1.46016,2.63,1.50
2011.12.13 12:12:34.997,1.45987,1.46018,1.88,1.88
2011.12.13 12:12:35.219,1.45987,1.46011,1.88,1.50
2011.12.13 12:12:36.093,1.45979,1.46007,1.50,1.50
2011.12.13 12:12:36.236,1.45979,1.46007,1.50,1.50
2011.12.13 12:12:36.774,1.45977,1.46007,1.88,2.25
2011.12.13 12:12:37.517,1.45977,1.46007,1.88,2.25
2011.12.13 12:12:39.135,1.45977,1.46007,1.88,2.63
2011.12.13 12:12:41.423,1.45977,1.46007,1.88,2.25
2011.12.13 12:12:41.756,1.45979,1.4601,2.22,1.50
2011.12.13 12:12:42.032,1.45982,1.46012,2.22,2.25
2011.12.13 12:12:42.676,1.45985,1.46015,1.88,2.63
2011.12.13 12:12:43.991,1.45985,1.46015,1.88,2.63
2011.12.13 12:12:51.594,1.45987,1.46018,1.88,1.88
2011.12.13 12:12:51.735,1.45987,1.46018,1.50,2.25
2011.12.13 12:12:52.148,1.45989,1.46017,1.50,1.13
2011.12.13 12:12:52.296,1.45986,1.46018,1.50,2.25
2011.12.13 12:12:52.443,1.45983,1.46015,2.25,2.25
2011.12.13 12:12:54.644,1.45983,1.46012,1.50,1.50
2011.12.13 12:12:55.756,1.45977,1.46007,1.50,1.50
2011.12.13 12:12:56.252,1.45977,1.46007,1.50,1.88
2011.12.13 12:12:56.797,1.4598,1.46008,1.50,1.84
2011.12.13 12:13:01.051,1.45974,1.46004,1.50,2.25
2011.12.13 12:13:01.243,1.45977,1.46005,1.50,1.13
2011.12.13 12:13:03.366,1.45974,1.46004,1.50,2.25
2011.12.13 12:13:15.937,1.45974,1.46004,2.25,2.25
2011.12.13 12:13:16.020,1.4598,1.46007,1.50,2.63
2011.12.13 12:13:16.548,1.4598,1.46007,1.88,1.50
2011.12.13 12:13:16.898,1.45978,1.4601,1.88,1.88
2011.12.13 12:13:17.827,1.45979,1.46009,1.88,2.63
2011.12.13 12:13:18.426,1.45972,1.46004,2.20,1.50
2011.12.13 12:13:18.492,1.45972,1.46004,1.50,1.50
2011.12.13 12:13:18.873,1.45972,1.46004,1.50,1.88
2011.12.13 12:13:19.393,1.45972,1.46004,1.50,1.88
2011.12.13 12:13:19.694,1.45972,1.46004,1.88,1.88
2011.12.13 12:13:21.404,1.45972,1.46004,1.88,1.88
2011.12.13 12:13:22.498,1.45972,1.46001,1.13,1.50
2011.12.13 12:13:22.645,1.45976,1.46005,1.88,1.13
2011.12.13 12:13:23.166,1.45976,1.46006,1.88,2.63
2011.12.13 12:13:23.703,1.45974,1.46003,1.88,1.50
2011.12.13 12:13:25.117,1.45973,1.46003,1.50,1.88
2011.12.13 12:13:25.202,1.45969,1.46001,1.50,1.50
2011.12.13 12:13:25.276,1.45969,1.46001,1.50,2.63
2011.12.13 12:13:25.798,1.45969,1.46,1.50,1.88
2011.12.13 12:13:27.457,1.45969,1.45999,1.50,1.13
2011.12.13 12:13:28.010,1.45969,1.46,1.50,1.88
2011.12.13 12:13:28.705,1.45969,1.45999,2.25,1.13
2011.12.13 12:13:28.984,1.45973,1.46,1.50,1.13
2011.12.13 12:13:29.267,1.45973,1.46003,1.50,1.88
2011.12.13 12:13:29.343,1.45973,1.46003,1.50,1.88
2011.12.13 12:13:29.582,1.45975,1.46005,1.50,3.38
2011.12.13 12:13:30.276,1.45972,1.46001,1.50,1.88
2011.12.13 12:13:30.822,1.45971,1.46001,1.50,1.88
2011.12.13 12:13:31.405,1.4597,1.46,1.88,1.13
2011.12.13 12:13:31.544,1.45969,1.45999,1.88,1.50
2011.12.13 12:13:31.612,1.45969,1.45999,1.88,1.88
2011.12.13 12:13:31.819,1.4597,1.46,1.88,1.13
2011.12.13 12:13:32.240,1.45974,1.46,1.50,1.13
2011.12.13 12:13:32.571,1.45974,1.46,1.88,1.13
2011.12.13 12:13:33.807,1.45974,1.46003,1.88,1.13
2011.12.13 12:13:34.413,1.45974,1.46004,1.88,1.88
2011.12.13 12:13:35.133,1.45974,1.46004,1.88,1.88
2011.12.13 12:13:36.875,1.45974,1.46004,1.88,1.88
2011.12.13 12:13:37.224,1.45971,1.46001,1.88,1.88
2011.12.13 12:13:39.141,1.45974,1.46004,1.88,1.88
2011.12.13 12:13:39.548,1.45979,1.4601,1.50,1.50
2011.12.13 12:13:41.192,1.45977,1.46007,1.50,2.25
2011.12.13 12:13:44.061,1.45977,1.46007,1.50,3.38
2011.12.13 12:13:45.886,1.45974,1.46004,1.50,2.25
2011.12.13 12:13:48.488,1.4597,1.46002,2.25,2.25
2011.12.13 12:13:49.071,1.45975,1.46005,1.50,3.00
2011.12.13 12:13:49.141,1.45972,1.46004,1.50,2.25
2011.12.13 12:13:51.276,1.45969,1.46001,1.88,1.88
2011.12.13 12:13:54.364,1.45967,1.45997,1.50,1.88
2011.12.13 12:13:54.433,1.4597,1.45998,1.50,1.50
2011.12.13 12:13:54.647,1.45968,1.45996,1.50,1.50
2011.12.13 12:13:54.985,1.45964,1.45994,1.50,1.50
2011.12.13 12:13:55.531,1.45964,1.45995,1.50,1.88
2011.12.13 12:13:58.032,1.45964,1.45994,1.50,1.13
2011.12.13 12:13:58.583,1.45964,1.45995,1.50,1.50
2011.12.13 12:14:02.031,1.45962,1.45988,1.50,1.50
2011.12.13 12:14:02.106,1.45958,1.45988,2.25,1.50
2011.12.13 12:14:02.183,1.45958,1.45988,2.25,1.88
2011.12.13 12:14:03.268,1.45961,1.4599,2.25,1.13
2011.12.13 12:14:03.558,1.45963,1.45994,2.25,2.25
2011.12.13 12:14:04.145,1.45961,1.45993,2.25,1.88
2011.12.13 12:14:04.484,1.4596,1.4599,1.13,1.50
2011.12.13 12:14:04.554,1.4596,1.45992,2.63,1.88
2011.12.13 12:14:06.730,1.4596,1.45992,2.25,2.25
2011.12.13 12:14:07.280,1.4596,1.45992,2.25,1.88
2011.12.13 12:14:07.882,1.4596,1.45992,2.25,1.88
2011.12.13 12:14:07.951,1.4596,1.45992,2.25,1.88
2011.12.13 12:14:08.410,1.4596,1.45992,2.25,2.25
2011.12.13 12:14:08.943,1.45958,1.4599,2.63,2.25
2011.12.13 12:14:10.166,1.4596,1.4599,1.50,1.13
2011.12.13 12:14:13.755,1.4596,1.45992,2.25,2.25
2011.12.13 12:14:14.309,1.45962,1.45992,2.25,2.25
2011.12.13 12:14:15.300,1.45959,1.4599,2.25,1.88
2011.12.13 12:14:15.574,1.45955,1.45985,3.34,1.88
2011.12.13 12:14:16.302,1.45955,1.45985,3.00,1.88
2011.12.13 12:14:16.551,1.45958,1.45988,1.50,2.25
2011.12.13 12:14:16.950,1.45955,1.45987,3.00,2.25
2011.12.13 12:14:17.177,1.45955,1.45987,3.00,2.25
2011.12.13 12:14:17.395,1.45955,1.45984,2.25,1.13
2011.12.13 12:14:17.756,1.45958,1.45984,1.50,1.13
2011.12.13 12:14:17.839,1.45949,1.45979,2.63,1.88
2011.12.13 12:14:17.988,1.45947,1.45977,1.88,1.88
2011.12.13 12:14:18.476,1.45945,1.45977,2.25,3.00
2011.12.13 12:14:18.797,1.45945,1.45976,1.50,2.03
2011.12.13 12:14:18.949,1.45943,1.45973,1.50,2.25
2011.12.13 12:14:19.516,1.45946,1.45975,1.50,1.13
2011.12.13 12:14:20.067,1.45943,1.45974,2.25,2.25
2011.12.13 12:14:20.569,1.45946,1.45976,1.50,1.05
2011.12.13 12:14:20.651,1.45944,1.45976,1.50,2.55
2011.12.13 12:14:22.664,1.45944,1.45976,2.25,2.55
2011.12.13 12:14:27.445,1.45941,1.45973,3.00,2.25
2011.12.13 12:14:27.774,1.4594,1.45969,1.50,1.88
2011.12.13 12:14:28.163,1.45939,1.4597,1.88,1.88
2011.12.13 12:14:28.707,1.45941,1.45971,1.88,1.88
2011.12.13 12:14:29.408,1.45943,1.45972,1.13,1.88
2011.12.13 12:14:31.325,1.45946,1.45974,1.88,1.50
2011.12.13 12:14:31.682,1.4595,1.45978,1.50,1.88
2011.12.13 12:14:31.899,1.45948,1.45974,2.25,1.50
2011.12.13 12:14:31.980,1.45942,1.45972,3.15,1.50
2011.12.13 12:14:32.834,1.45942,1.45972,2.25,1.50
2011.12.13 12:14:33.741,1.45942,1.45969,1.82,1.50
2011.12.13 12:14:34.078,1.45942,1.45969,2.16,1.50
2011.12.13 12:14:36.485,1.45942,1.45969,1.41,1.50
2011.12.13 12:14:40.053,1.45942,1.45971,1.04,1.50
2011.12.13 12:14:44.273,1.45944,1.45974,1.88,1.50
2011.12.13 12:14:44.347,1.45942,1.45972,2.54,1.50
2011.12.13 12:14:44.682,1.45941,1.45969,1.04,1.50
2011.12.13 12:14:45.028,1.45937,1.45963,1.82,1.50
2011.12.13 12:14:45.907,1.45937,1.45963,1.50,1.50
2011.12.13 12:14:46.389,1.45936,1.45967,1.88,1.50
2011.12.13 12:14:46.949,1.45937,1.45966,1.13,1.50
2011.12.13 12:14:47.029,1.45937,1.45964,1.13,1.50
2011.12.13 12:14:47.112,1.45932,1.45964,4.77,1.50
2011.12.13 12:14:47.259,1.45935,1.45967,1.50,2.25
2011.12.13 12:14:47.750,1.45933,1.45958,1.13,1.50
2011.12.13 12:14:48.038,1.45927,1.45954,1.13,1.50
2011.12.13 12:14:48.188,1.45923,1.45954,1.50,1.88
2011.12.13 12:14:48.268,1.45925,1.45954,1.13,1.50
2011.12.13 12:14:48.344,1.45925,1.45954,1.88,1.88
2011.12.13 12:14:48.694,1.45928,1.45954,1.13,1.88
2011.12.13 12:14:49.040,1.45928,1.45957,1.13,1.88
2011.12.13 12:14:49.116,1.45928,1.45954,1.13,1.50
2011.12.13 12:14:49.529,1.45922,1.45951,2.63,1.50
2011.12.13 12:14:49.619,1.45923,1.4595,1.13,1.50
2011.12.13 12:14:50.048,1.45923,1.45953,3.38,1.50
2011.12.13 12:14:50.977,1.4593,1.45962,1.88,2.63
2011.12.13 12:14:53.071,1.45931,1.45962,1.13,1.88
2011.12.13 12:14:53.472,1.45929,1.45959,1.88,1.88
2011.12.13 12:14:53.830,1.45945,1.45966,2.25,1.88
2011.12.13 12:14:53.977,1.45948,1.45972,1.50,1.13
2011.12.13 12:14:54.056,1.45951,1.45974,1.50,1.13
2011.12.13 12:14:54.336,1.45953,1.45982,1.50,1.13
2011.12.13 12:14:54.533,1.45953,1.45984,1.50,1.13
2011.12.13 12:14:55.237,1.4595,1.45982,2.25,1.88
2011.12.13 12:14:57.308,1.45949,1.45979,1.50,1.88
2011.12.13 12:14:57.384,1.45946,1.45976,2.25,1.88
2011.12.13 12:14:57.485,1.45946,1.45976,2.25,1.88
2011.12.13 12:14:57.842,1.45946,1.45976,2.25,1.88
2011.12.13 12:14:58.447,1.45947,1.45976,2.25,1.88
2011.12.13 12:14:58.652,1.45947,1.45977,2.25,1.88
2011.12.13 12:14:58.975,1.45947,1.45977,2.25,1.88
2011.12.13 12:14:59.308,1.45947,1.45977,2.25,1.88
2011.12.13 12:14:59.388,1.45945,1.45975,3.75,1.88
2011.12.13 12:14:59.469,1.45947,1.45975,1.13,1.88
2011.12.13 12:14:59.833,1.45948,1.45978,1.88,1.50
2011.12.13 12:14:59.907,1.45949,1.45981,2.25,2.63
2011.12.13 12:15:00.500,1.45952,1.45984,1.50,2.25
2011.12.13 12:15:00.775,1.45946,1.45976,1.50,1.50
2011.12.13 12:15:00.979,1.45949,1.45978,2.25,2.25
2011.12.13 12:15:01.055,1.4595,1.45982,1.50,2.25
2011.12.13 12:15:01.265,1.45948,1.4598,1.50,2.25
2011.12.13 12:15:01.609,1.45948,1.4598,1.50,3.00
2011.12.13 12:15:03.117,1.45948,1.4598,1.88,1.88
2011.12.13 12:15:05.493,1.45951,1.4598,1.13,1.88
2011.12.13 12:15:05.575,1.45949,1.45979,1.13,1.50
2011.12.13 12:15:05.651,1.45947,1.45979,2.63,1.50
2011.12.13 12:15:05.792,1.45947,1.45974,2.63,1.50
2011.12.13 12:15:06.290,1.45947,1.45976,2.63,1.50
2011.12.13 12:15:06.793,1.45947,1.45977,2.63,1.50
2011.12.13 12:15:07.952,1.45949,1.45977,1.13,1.50
2011.12.13 12:15:08.464,1.45947,1.45976,1.13,1.50
2011.12.13 12:15:10.054,1.45944,1.45976,2.63,1.88
2011.12.13 12:15:10.196,1.45944,1.45976,2.25,2.25
2011.12.13 12:15:10.548,1.45937,1.45967,1.88,1.50
2011.12.13 12:15:10.836,1.45935,1.45967,2.63,1.88
2011.12.13 12:15:11.249,1.45935,1.45967,2.63,1.88
2011.12.13 12:15:11.331,1.45935,1.45967,2.25,2.25
2011.12.13 12:15:11.410,1.45938,1.45968,1.50,2.59
2011.12.13 12:15:11.487,1.45936,1.45966,3.00,2.25
2011.12.13 12:15:12.017,1.45933,1.45963,2.63,1.50
2011.12.13 12:15:12.504,1.45936,1.45966,1.50,2.25
2011.12.13 12:15:12.923,1.45936,1.45966,2.25,2.25
2011.12.13 12:15:13.525,1.45938,1.4597,1.50,2.25
2011.12.13 12:15:14.234,1.45941,1.45971,1.50,2.25
2011.12.13 12:15:14.582,1.45943,1.45973,1.50,1.88
2011.12.13 12:15:14.927,1.45944,1.45973,1.13,1.50
2011.12.13 12:15:15.007,1.45944,1.45974,1.13,1.09
2011.12.13 12:15:15.085,1.45944,1.45975,1.13,2.22
2011.12.13 12:15:15.511,1.45946,1.45975,1.13,2.22
2011.12.13 12:15:17.048,1.45944,1.45974,1.50,1.09
2011.12.13 12:15:17.301,1.45944,1.45972,1.50,1.13
2011.12.13 12:15:19.531,1.45942,1.45972,2.25,2.25
2011.12.13 12:15:20.572,1.45944,1.45974,1.50,1.88
2011.12.13 12:15:20.855,1.45946,1.45978,1.50,2.63
2011.12.13 12:15:21.633,1.4595,1.45977,1.50,1.13
2011.12.13 12:15:21.975,1.45945,1.45977,2.25,2.25
2011.12.13 12:15:22.519,1.45947,1.45979,1.50,2.25
2011.12.13 12:15:22.985,1.45943,1.45973,1.88,1.88
2011.12.13 12:15:23.054,1.45947,1.45973,1.13,1.88
2011.12.13 12:15:23.407,1.45946,1.45976,1.88,1.88
2011.12.13 12:15:23.747,1.45942,1.45974,1.50,2.25
2011.12.13 12:15:23.827,1.45942,1.45974,1.50,2.25
2011.12.13 12:15:24.442,1.45939,1.45971,1.88,1.88
2011.12.13 12:15:26.289,1.45943,1.45973,1.50,2.63
2011.12.13 12:15:26.365,1.45943,1.45973,1.50,1.88
2011.12.13 12:15:26.434,1.45939,1.45971,1.88,1.50
2011.12.13 12:15:27.433,1.45939,1.45971,2.22,1.50
2011.12.13 12:15:27.785,1.45943,1.45973,1.88,1.50
2011.12.13 12:15:28.575,1.45943,1.45973,1.50,3.00
2011.12.13 12:15:28.842,1.45939,1.45971,1.88,1.88
2011.12.13 12:15:29.387,1.45939,1.45971,1.88,2.63
2011.12.13 12:15:29.735,1.45939,1.45971,1.88,2.25
2011.12.13 12:15:33.885,1.45939,1.45971,1.50,2.63
2011.12.13 12:15:34.436,1.45939,1.45968,1.50,1.88
2011.12.13 12:15:36.495,1.45938,1.45967,1.88,1.88
2011.12.13 12:15:38.981,1.45936,1.45967,1.88,1.13
2011.12.13 12:15:39.123,1.45931,1.45962,2.22,1.50
2011.12.13 12:15:39.779,1.4593,1.45962,2.25,2.25
2011.12.13 12:15:40.311,1.45931,1.45962,1.50,1.50
2011.12.13 12:15:41.673,1.45928,1.4596,2.57,1.50
2011.12.13 12:15:42.178,1.45928,1.45958,2.20,1.50
2011.12.13 12:15:42.616,1.45927,1.45956,2.16,1.50
2011.12.13 12:15:42.947,1.45927,1.45953,1.41,1.50
2011.12.13 12:15:43.153,1.45927,1.45953,1.41,1.50
2011.12.13 12:15:46.713,1.45926,1.45953,1.04,1.50
2011.12.13 12:15:50.450,1.45927,1.45953,1.04,1.50
2011.12.13 12:15:50.671,1.45925,1.45955,2.22,1.50
2011.12.13 12:15:50.890,1.45925,1.45955,1.88,1.88
2011.12.13 12:15:50.966,1.45925,1.45955,1.88,1.88
2011.12.13 12:15:51.181,1.45923,1.45953,1.88,1.50
2011.12.13 12:15:51.744,1.45923,1.45953,1.88,2.25
2011.12.13 12:15:52.166,1.45925,1.45957,1.88,2.63
2011.12.13 12:15:53.687,1.45928,1.45957,2.22,1.13
2011.12.13 12:15:53.838,1.4593,1.45962,2.97,2.31
2011.12.13 12:15:54.434,1.45933,1.45964,1.88,1.88
2011.12.13 12:15:54.976,1.45933,1.45965,1.88,2.63
2011.12.13 12:15:55.588,1.45933,1.45961,1.88,1.13
2011.12.13 12:15:55.680,1.45929,1.45959,1.50,2.25
2011.12.13 12:15:57.859,1.4593,1.45961,1.50,1.88
2011.12.13 12:16:00.305,1.4593,1.45961,1.50,1.13
2011.12.13 12:16:00.593,1.4593,1.45959,1.50,1.50
2011.12.13 12:16:00.666,1.45927,1.45952,1.50,1.88
2011.12.13 12:16:00.735,1.45927,1.45952,1.50,2.59
2011.12.13 12:16:00.807,1.4592,1.4595,3.00,2.25
2011.12.13 12:16:00.882,1.4592,1.45947,1.50,1.13
2011.12.13 12:16:01.023,1.4592,1.45947,1.50,1.50
2011.12.13 12:16:01.480,1.4592,1.45942,1.50,1.09
2011.12.13 12:16:01.564,1.4591,1.45938,1.50,2.18
2011.12.13 12:16:01.633,1.45907,1.45937,1.50,2.25
2011.12.13 12:16:01.848,1.45908,1.45937,1.50,2.25
2011.12.13 12:16:02.204,1.45911,1.45941,3.38,2.97
2011.12.13 12:16:02.344,1.45914,1.45944,1.88,2.22
2011.12.13 12:16:02.619,1.45916,1.45946,1.50,1.13
2011.12.13 12:16:02.836,1.45916,1.45948,1.50,2.25
2011.12.13 12:16:02.983,1.45923,1.45949,1.50,2.97
2011.12.13 12:16:03.480,1.45919,1.45949,2.63,1.88
2011.12.13 12:16:04.024,1.45914,1.45946,2.63,1.88
2011.12.13 12:16:05.162,1.45914,1.45946,1.50,3.00
2011.12.13 12:16:05.575,1.45912,1.4594,1.88,1.13
2011.12.13 12:16:05.784,1.45914,1.45944,1.88,1.13
2011.12.13 12:16:06.412,1.45908,1.45939,1.88,1.13
2011.12.13 12:16:06.914,1.4591,1.45939,1.50,1.13
2011.12.13 12:16:07.572,1.45908,1.4594,1.50,2.25
2011.12.13 12:16:07.654,1.45905,1.45937,2.25,2.25
2011.12.13 12:16:07.730,1.45904,1.45933,2.25,1.50
2011.12.13 12:16:09.324,1.45903,1.45933,2.25,1.50
2011.12.13 12:16:10.711,1.45903,1.45931,1.13,1.50
2011.12.13 12:16:10.962,1.45903,1.45934,1.13,1.88
2011.12.13 12:16:11.323,1.45905,1.45936,1.88,2.63
2011.12.13 12:16:11.839,1.45908,1.45939,1.88,1.13
2011.12.13 12:16:12.586,1.45908,1.45939,1.50,1.50
2011.12.13 12:16:13.004,1.45908,1.45939,1.50,1.50
2011.12.13 12:16:13.926,1.45908,1.45936,1.50,2.18
2011.12.13 12:16:14.320,1.45908,1.45939,1.50,1.50
2011.12.13 12:16:14.511,1.45905,1.45937,1.88,1.88
2011.12.13 12:16:16.232,1.45905,1.45937,1.88,1.88
2011.12.13 12:16:16.776,1.45905,1.45935,1.88,1.43
2011.12.13 12:16:17.519,1.45905,1.45937,1.88,1.88
2011.12.13 12:16:18.459,1.45903,1.45931,1.50,1.84
2011.12.13 12:16:18.808,1.45902,1.45909,1.50,1.43
2011.12.13 12:16:18.888,1.45891,1.45909,1.50,1.43
2011.12.13 12:16:18.972,1.45891,1.45907,1.50,1.43
2011.12.13 12:16:19.052,1.45883,1.45908,1.50,1.80
2011.12.13 12:16:19.199,1.45881,1.45908,1.50,1.80
2011.12.13 12:16:19.276,1.45881,1.45911,1.88,1.88
2011.12.13 12:16:19.710,1.45886,1.45913,1.50,1.80
2011.12.13 12:16:23.099,1.45889,1.45914,1.50,1.80
2011.12.13 12:16:23.180,1.45889,1.45919,1.50,1.13
2011.12.13 12:16:23.469,1.45892,1.45921,1.50,2.18
2011.12.13 12:16:23.963,1.45897,1.45924,1.50,1.50
2011.12.13 12:16:24.070,1.45904,1.4593,1.50,2.18
2011.12.13 12:16:24.593,1.45904,1.4593,1.50,2.18
2011.12.13 12:16:26.276,1.45902,1.45927,1.50,1.80
2011.12.13 12:16:26.823,1.45903,1.45931,1.50,2.18
2011.12.13 12:16:28.072,1.45901,1.45931,2.25,2.18
2011.12.13 12:16:30.343,1.45901,1.45933,1.50,4.43
2011.12.13 12:16:30.613,1.45898,1.4593,1.50,2.25
2011.12.13 12:16:31.133,1.45902,1.45928,1.50,1.80
2011.12.13 12:16:31.463,1.45904,1.45928,1.50,1.80
2011.12.13 12:16:32.051,1.45901,1.45928,1.50,1.80
2011.12.13 12:16:35.267,1.45901,1.45929,1.88,1.13
2011.12.13 12:16:35.381,1.45902,1.45929,1.88,1.13
2011.12.13 12:16:35.670,1.45901,1.4593,1.88,1.13
2011.12.13 12:16:36.164,1.45901,1.4593,1.88,1.13
2011.12.13 12:16:41.446,1.45901,1.45931,1.50,1.88
2011.12.13 12:16:45.091,1.45898,1.45928,3.38,1.88
2011.12.13 12:16:45.177,1.45895,1.45925,1.88,1.88
2011.12.13 12:16:45.393,1.45898,1.45928,1.88,1.88
2011.12.13 12:16:45.534,1.45898,1.45928,1.88,1.50
2011.12.13 12:16:47.826,1.45899,1.45931,1.88,1.88
2011.12.13 12:16:49.973,1.45899,1.45931,1.50,1.88
2011.12.13 12:16:50.198,1.45897,1.45929,2.22,1.50
2011.12.13 12:16:50.889,1.45897,1.45917,1.50,1.13
2011.12.13 12:16:51.022,1.45891,1.45915,1.80,1.50
2011.12.13 12:16:51.110,1.45888,1.45917,1.04,2.25
2011.12.13 12:16:51.196,1.45888,1.45917,2.46,2.63
2011.12.13 12:16:51.343,1.45889,1.45917,1.88,1.88
2011.12.13 12:16:51.561,1.45889,1.45919,1.50,1.88
2011.12.13 12:16:51.709,1.45889,1.45919,2.25,1.88
2011.12.13 12:16:51.860,1.45887,1.45916,1.82,1.88
2011.12.13 12:16:52.370,1.45885,1.45917,1.88,1.88
2011.12.13 12:16:52.517,1.45885,1.45917,1.88,1.88
2011.12.13 12:16:52.906,1.45885,1.45917,2.20,1.88
2011.12.13 12:16:53.380,1.45885,1.45917,2.20,1.88
2011.12.13 12:16:53.817,1.45885,1.45913,1.82,1.13
2011.12.13 12:16:54.396,1.45882,1.45913,1.50,2.63
2011.12.13 12:16:54.808,1.45882,1.45913,1.50,1.13
2011.12.13 12:16:55.121,1.45884,1.45913,1.50,2.25
2011.12.13 12:16:55.410,1.4588,1.45912,1.88,2.25
2011.12.13 12:16:55.559,1.4588,1.45909,1.88,1.13
2011.12.13 12:16:56.071,1.4588,1.45908,1.88,1.13
2011.12.13 12:16:56.494,1.45879,1.45908,1.88,1.13
2011.12.13 12:16:56.824,1.4588,1.4591,2.22,1.13
2011.12.13 12:16:57.377,1.4588,1.45911,2.22,1.88
2011.12.13 12:16:57.882,1.45886,1.45913,1.04,1.88
2011.12.13 12:16:58.390,1.45886,1.45913,2.54,1.88
2011.12.13 12:16:59.445,1.45889,1.45919,1.88,1.88
2011.12.13 12:16:59.785,1.45891,1.4592,1.88,1.13
2011.12.13 12:17:01.250,1.45891,1.45923,1.50,2.25
2011.12.13 12:17:03.895,1.45891,1.45923,1.50,2.25
2011.12.13 12:17:04.153,1.45891,1.45923,1.50,2.25
2011.12.13 12:17:06.137,1.45891,1.45923,1.50,2.25
2011.12.13 12:17:06.347,1.45894,1.45923,1.50,1.50
2011.12.13 12:17:06.835,1.45894,1.45924,1.88,3.38
2011.12.13 12:17:06.908,1.45894,1.45923,1.88,1.13
2011.12.13 12:17:07.312,1.45892,1.45922,1.50,1.88
2011.12.13 12:17:07.526,1.45892,1.45922,1.50,1.88
2011.12.13 12:17:07.593,1.45889,1.45919,1.88,1.88
2011.12.13 12:17:08.542,1.45892,1.45922,1.50,3.38
2011.12.13 12:17:08.904,1.45889,1.4592,1.50,3.68
2011.12.13 12:17:09.476,1.45888,1.45919,2.25,2.18
2011.12.13 12:17:09.652,1.4589,1.45919,2.25,2.18
2011.12.13 12:17:09.954,1.45894,1.45921,1.50,1.13
2011.12.13 12:17:15.107,1.45892,1.45922,2.63,1.88
2011.12.13 12:17:15.185,1.45892,1.45922,1.88,1.88
2011.12.13 12:17:25.505,1.45892,1.45923,1.13,1.88
2011.12.13 12:17:25.719,1.45893,1.45924,1.50,1.50
2011.12.13 12:17:25.866,1.45893,1.45922,1.50,1.13
2011.12.13 12:17:26.009,1.45891,1.45922,1.50,1.13
2011.12.13 12:17:26.088,1.45891,1.45923,2.20,2.25
2011.12.13 12:17:26.575,1.45897,1.45927,1.88,1.88
2011.12.13 12:17:26.649,1.45891,1.45923,3.38,1.50
2011.12.13 12:17:26.727,1.4589,1.4592,1.13,1.50
2011.12.13 12:17:27.884,1.45888,1.4592,1.88,1.50
2011.12.13 12:17:30.390,1.4589,1.4592,1.50,1.88
2011.12.13 12:17:30.784,1.45893,1.45923,1.50,2.25
2011.12.13 12:17:31.720,1.45891,1.45921,2.25,2.25
2011.12.13 12:17:32.207,1.45892,1.45921,1.13,1.88
2011.12.13 12:17:32.544,1.45891,1.45921,1.88,1.50
2011.12.13 12:17:34.391,1.45891,1.45921,1.88,1.88
2011.12.13 12:17:34.537,1.45896,1.45923,1.50,1.13
2011.12.13 12:17:34.885,1.45897,1.45929,1.50,2.25
2011.12.13 12:17:34.959,1.45899,1.4593,1.50,1.13
2011.12.13 12:17:35.364,1.45894,1.45926,2.63,1.88
2011.12.13 12:17:35.431,1.45894,1.45926,2.63,1.88
2011.12.13 12:17:36.143,1.45897,1.45927,1.50,1.88
2011.12.13 12:17:37.076,1.45897,1.45927,1.50,1.88
2011.12.13 12:17:39.422,1.45895,1.45925,1.50,2.25
2011.12.13 12:17:42.616,1.45895,1.45925,2.25,2.25
2011.12.13 12:17:43.183,1.45897,1.45927,2.25,2.25
2011.12.13 12:17:43.894,1.45897,1.45927,2.63,1.88
2011.12.13 12:17:44.224,1.45898,1.45927,1.13,1.50
2011.12.13 12:17:44.504,1.45897,1.45927,1.88,1.88
2011.12.13 12:17:44.643,1.45897,1.45927,1.88,1.88
2011.12.13 12:17:45.157,1.45897,1.45927,1.50,2.25
2011.12.13 12:17:45.363,1.45895,1.45925,1.50,1.88
2011.12.13 12:17:46.165,1.45891,1.45923,2.97,1.50
2011.12.13 12:17:46.241,1.45893,1.45925,1.50,3.68
2011.12.13 12:17:49.435,1.459,1.45929,3.00,1.13
2011.12.13 12:17:49.789,1.45902,1.45934,1.88,1.88
2011.12.13 12:17:49.866,1.45902,1.45934,2.63,1.88
2011.12.13 12:17:50.057,1.45902,1.45934,3.38,1.88
2011.12.13 12:17:50.964,1.45905,1.45936,2.63,1.80
2011.12.13 12:17:51.034,1.45908,1.45936,1.50,1.80
2011.12.13 12:17:51.358,1.4591,1.45936,1.50,1.80
2011.12.13 12:17:52.919,1.4591,1.45942,2.25,2.25
2011.12.13 12:17:53.257,1.45915,1.45943,1.13,1.88
2011.12.13 12:17:53.603,1.45915,1.45947,2.63,3.30
2011.12.13 12:17:54.183,1.45918,1.45949,1.50,2.18
2011.12.13 12:17:54.258,1.45918,1.45949,1.50,2.18
2011.12.13 12:17:54.793,1.45916,1.45947,1.50,1.88
2011.12.13 12:17:55.676,1.45915,1.45947,2.63,1.88
2011.12.13 12:17:57.891,1.45917,1.45947,1.13,1.88
2011.12.13 12:18:02.447,1.45915,1.45947,2.25,2.25
2011.12.13 12:18:02.680,1.45912,1.45941,1.50,1.80
2011.12.13 12:18:03.132,1.45909,1.45941,2.25,3.68
2011.12.13 12:18:03.492,1.45907,1.45939,2.63,3.68
2011.12.13 12:18:04.421,1.45907,1.45939,2.63,3.68
2011.12.13 12:18:05.034,1.45907,1.45939,2.25,2.25
2011.12.13 12:18:06.104,1.45907,1.45939,2.25,3.68
2011.12.13 12:18:07.901,1.45909,1.45937,2.25,1.80
2011.12.13 12:18:08.197,1.45909,1.45936,2.25,1.80
2011.12.13 12:18:08.403,1.45909,1.45936,2.25,1.80
2011.12.13 12:18:09.647,1.45909,1.45936,2.25,1.80
2011.12.13 12:18:10.241,1.45909,1.45936,2.25,1.80
2011.12.13 12:18:10.312,1.45909,1.45936,2.25,1.80
2011.12.13 12:18:11.847,1.45909,1.45936,2.25,1.80
2011.12.13 12:18:12.571,1.45909,1.45936,2.25,1.80
2011.12.13 12:18:13.338,1.45909,1.45936,2.25,1.80
2011.12.13 12:18:16.378,1.45909,1.45941,3.68,2.55
2011.12.13 12:18:17.164,1.45911,1.45941,1.13,2.33
2011.12.13 12:18:17.304,1.45924,1.45944,1.43,1.43
2011.12.13 12:18:17.377,1.45924,1.45947,1.43,1.13
2011.12.13 12:18:17.733,1.45925,1.45953,2.18,2.25
2011.12.13 12:18:18.810,1.45928,1.45953,1.43,2.25
2011.12.13 12:18:19.331,1.45926,1.45953,1.43,2.25
2011.12.13 12:18:19.699,1.45929,1.45955,1.50,1.77
2011.12.13 12:18:19.786,1.45926,1.45955,1.50,2.93
2011.12.13 12:18:20.288,1.45925,1.45955,1.50,1.84
2011.12.13 12:18:20.751,1.45927,1.45956,1.50,1.77
2011.12.13 12:18:21.051,1.45922,1.4595,2.18,1.88
2011.12.13 12:18:22.750,1.45921,1.45953,2.25,2.25
2011.12.13 12:18:23.284,1.4592,1.4595,2.18,2.25
2011.12.13 12:18:23.354,1.4592,1.4595,2.18,2.25
2011.12.13 12:18:23.901,1.4592,1.45948,2.25,2.18
2011.12.13 12:18:23.983,1.4592,1.45948,2.25,2.18
2011.12.13 12:18:24.128,1.4592,1.45952,2.25,2.25
2011.12.13 12:18:26.002,1.45919,1.45949,2.25,2.25
2011.12.13 12:18:27.791,1.45919,1.45949,2.63,1.88
2011.12.13 12:18:30.163,1.45919,1.45949,2.63,1.88
2011.12.13 12:18:30.230,1.45919,1.45949,2.63,1.88
2011.12.13 12:18:31.563,1.45917,1.45946,1.13,1.50
2011.12.13 12:18:35.308,1.45921,1.45946,1.43,1.50
2011.12.13 12:18:35.661,1.45921,1.45951,3.68,1.88
2011.12.13 12:18:36.092,1.45921,1.45947,2.25,1.50
2011.12.13 12:18:36.175,1.45921,1.45947,2.25,1.13
2011.12.13 12:18:36.389,1.45929,1.45947,1.43,1.50
2011.12.13 12:18:36.534,1.45929,1.45951,1.43,2.25
2011.12.13 12:18:36.606,1.45929,1.45953,2.18,2.25
2011.12.13 12:18:36.959,1.45934,1.45964,1.50,2.25
2011.12.13 12:18:37.042,1.45936,1.45964,1.50,1.80
2011.12.13 12:18:37.122,1.45936,1.45964,1.50,1.43
2011.12.13 12:18:37.576,1.45933,1.45955,1.07,1.88
2011.12.13 12:18:38.038,1.45926,1.45955,1.09,1.88
2011.12.13 12:18:38.297,1.45925,1.45955,2.25,1.88
2011.12.13 12:18:38.843,1.45925,1.45955,2.25,1.88
2011.12.13 12:18:39.054,1.45924,1.45953,1.13,1.88
2011.12.13 12:18:39.338,1.45921,1.45953,2.25,2.59
2011.12.13 12:18:39.552,1.45918,1.4595,2.25,1.88
2011.12.13 12:18:41.312,1.45917,1.45946,2.50,1.50
2011.12.13 12:18:41.525,1.45916,1.45946,2.25,1.50
2011.12.13 12:18:41.728,1.45916,1.45946,2.25,1.50
2011.12.13 12:18:42.383,1.45919,1.45949,2.25,2.25
2011.12.13 12:18:42.834,1.45919,1.45949,1.50,2.25
2011.12.13 12:18:43.343,1.45919,1.45949,2.25,2.25
2011.12.13 12:18:43.889,1.45919,1.45949,2.25,2.25
2011.12.13 12:18:44.248,1.45921,1.45953,2.25,1.88
2011.12.13 12:18:44.813,1.45921,1.45953,2.25,1.88
2011.12.13 12:18:44.956,1.45919,1.45949,2.25,1.88
2011.12.13 12:18:45.023,1.45919,1.45949,1.50,1.88
2011.12.13 12:18:45.304,1.45919,1.45949,1.50,2.25
2011.12.13 12:18:46.043,1.45922,1.45952,1.50,2.25
2011.12.13 12:18:46.256,1.45922,1.45952,1.50,2.25
2011.12.13 12:18:47.047,1.45915,1.45947,2.25,2.25
2011.12.13 12:18:47.125,1.45915,1.45947,2.25,2.25
2011.12.13 12:18:47.804,1.45915,1.45947,2.25,2.25
2011.12.13 12:18:47.875,1.45915,1.45947,2.25,2.25
2011.12.13 12:18:48.151,1.45915,1.45947,2.63,1.88
2011.12.13 12:18:48.239,1.45921,1.45949,1.50,1.50
2011.12.13 12:18:48.321,1.45921,1.45949,2.25,1.50
2011.12.13 12:18:48.862,1.45923,1.45949,2.25,1.50
2011.12.13 12:18:49.714,1.45927,1.45957,2.25,2.22
2011.12.13 12:18:49.973,1.45927,1.45957,2.25,2.22
2011.12.13 12:18:50.908,1.45927,1.45957,2.63,1.50
2011.12.13 12:18:51.057,1.45927,1.45957,2.63,1.50
2011.12.13 12:18:51.689,1.45927,1.45956,1.13,1.88
2011.12.13 12:18:52.249,1.45924,1.45956,2.25,2.25
2011.12.13 12:18:52.818,1.45924,1.45956,2.25,2.25
2011.12.13 12:18:53.092,1.45924,1.45956,2.25,2.25
2011.12.13 12:18:53.162,1.45923,1.45952,2.25,1.88
2011.12.13 12:18:55.421,1.45923,1.45955,2.25,1.88
2011.12.13 12:18:58.753,1.45923,1.45955,2.25,1.88
2011.12.13 12:18:58.994,1.45926,1.45958,1.50,2.25
2011.12.13 12:18:59.392,1.45926,1.45958,3.68,2.25
2011.12.13 12:18:59.537,1.45926,1.45956,1.50,2.25
2011.12.13 12:18:59.802,1.45926,1.45956,1.50,2.25
2011.12.13 12:18:59.996,1.45926,1.45956,2.25,2.25
2011.12.13 12:19:00.067,1.45928,1.45958,1.50,2.25
2011.12.13 12:19:00.500,1.45931,1.45961,1.50,2.25
2011.12.13 12:19:01.102,1.45931,1.45961,2.25,2.25
2011.12.13 12:19:01.626,1.45934,1.45961,1.43,2.25
2011.12.13 12:19:01.994,1.45934,1.45964,1.50,2.25
2011.12.13 12:19:02.544,1.45934,1.45964,1.50,2.25
2011.12.13 12:19:03.248,1.45934,1.45964,2.25,2.25
2011.12.13 12:19:03.901,1.45937,1.45965,1.13,2.25
2011.12.13 12:19:04.118,1.45936,1.45966,3.30,1.88
2011.12.13 12:19:04.700,1.4594,1.45967,1.50,1.47
2011.12.13 12:19:04.781,1.45932,1.45962,2.95,1.88
2011.12.13 12:19:04.860,1.45933,1.45962,1.13,2.25
2011.12.13 12:19:05.004,1.45928,1.45958,2.25,2.25
2011.12.13 12:19:05.147,1.45925,1.45957,2.25,2.63
2011.12.13 12:19:05.765,1.45927,1.45958,2.25,1.13
2011.12.13 12:19:06.107,1.45927,1.45959,2.25,3.00
2011.12.13 12:19:06.182,1.45931,1.45959,1.50,1.84
2011.12.13 12:19:06.261,1.45927,1.45957,3.68,1.88
2011.12.13 12:19:06.721,1.45928,1.45957,2.25,1.88
2011.12.13 12:19:06.945,1.45927,1.45957,2.25,1.88
2011.12.13 12:19:07.014,1.45927,1.45957,2.25,1.88
2011.12.13 12:19:07.273,1.45927,1.45957,1.50,2.25
2011.12.13 12:19:09.272,1.45924,1.45956,3.75,2.25
2011.12.13 12:19:11.676,1.45924,1.45956,2.25,2.25
2011.12.13 12:19:11.885,1.45927,1.45957,1.50,2.25
2011.12.13 12:19:12.500,1.45929,1.45957,1.43,2.25
2011.12.13 12:19:13.178,1.45926,1.45952,2.25,1.13
2011.12.13 12:19:13.264,1.4593,1.45958,1.50,1.13
2011.12.13 12:19:13.477,1.45928,1.45957,1.50,1.13
2011.12.13 12:19:14.372,1.45928,1.45958,1.50,2.63
2011.12.13 12:19:16.043,1.45928,1.45958,1.50,2.25
2011.12.13 12:19:16.182,1.45931,1.45959,1.50,1.50
2011.12.13 12:19:16.253,1.45928,1.45959,1.50,1.50
2011.12.13 12:19:17.265,1.45928,1.45959,1.50,1.50
2011.12.13 12:19:17.544,1.45928,1.45959,1.50,1.50
2011.12.13 12:19:17.926,1.45928,1.45959,1.50,1.50
2011.12.13 12:19:18.484,1.45928,1.45959,1.50,1.50
2011.12.13 12:19:19.153,1.45925,1.45956,1.50,2.25
2011.12.13 12:19:19.622,1.45927,1.45954,1.50,1.13
2011.12.13 12:19:19.893,1.45927,1.45958,1.50,1.50
2011.12.13 12:19:20.552,1.45925,1.45957,3.00,2.25
2011.12.13 12:19:23.793,1.45925,1.45957,2.25,2.25
2011.12.13 12:19:24.046,1.45925,1.45957,2.25,1.88
2011.12.13 12:19:24.257,1.45928,1.45958,2.63,1.50
2011.12.13 12:19:24.333,1.45931,1.45961,1.50,3.38
2011.12.13 12:19:24.762,1.45932,1.45961,2.25,1.88
2011.12.13 12:19:25.286,1.45936,1.45965,1.50,2.25
2011.12.13 12:19:25.373,1.45932,1.45961,1.50,2.25
2011.12.13 12:19:25.519,1.45928,1.4596,2.25,1.88
2011.12.13 12:19:27.366,1.45928,1.4596,2.25,2.25
2011.12.13 12:19:29.773,1.45932,1.4596,2.25,1.13
2011.12.13 12:19:30.566,1.45932,1.45961,2.25,1.13
2011.12.13 12:19:31.182,1.45933,1.45964,1.50,2.18
2011.12.13 12:19:31.891,1.45931,1.45963,3.75,2.25
2011.12.13 12:19:32.439,1.45934,1.45964,1.50,3.38
2011.12.13 12:19:32.658,1.45933,1.45962,1.13,1.50
2011.12.13 12:19:32.736,1.45933,1.45962,1.13,1.50
2011.12.13 12:19:33.065,1.45933,1.45965,2.63,2.22
2011.12.13 12:19:33.705,1.45937,1.45967,1.50,2.25
2011.12.13 12:19:33.844,1.45935,1.45965,2.25,1.88
2011.12.13 12:19:34.144,1.45935,1.45965,2.25,1.88
2011.12.13 12:19:34.699,1.45933,1.45962,1.13,1.50
2011.12.13 12:19:35.057,1.45933,1.45965,2.63,1.88
2011.12.13 12:19:35.337,1.45933,1.45965,2.63,2.25
2011.12.13 12:19:35.465,1.45933,1.45965,2.63,2.25
2011.12.13 12:19:36.364,1.45932,1.45962,2.25,1.50
2011.12.13 12:19:36.578,1.4593,1.4596,2.63,1.88
2011.12.13 12:19:36.658,1.45932,1.45963,1.50,2.25
2011.12.13 12:19:37.015,1.45932,1.45964,3.00,2.25
2011.12.13 12:19:37.088,1.45936,1.45966,1.50,3.00
2011.12.13 12:19:37.433,1.45936,1.45966,1.50,2.25
2011.12.13 12:19:37.996,1.45932,1.45964,2.63,1.50
2011.12.13 12:19:38.274,1.45932,1.45964,2.63,1.88
2011.12.13 12:19:39.199,1.45932,1.45964,2.63,1.88
2011.12.13 12:19:39.763,1.4593,1.4596,1.88,1.50
2011.12.13 12:19:41.422,1.45927,1.45958,1.47,1.50
2011.12.13 12:19:41.985,1.45927,1.45955,1.47,1.50
2011.12.13 12:19:42.263,1.45927,1.45955,1.09,1.50
2011.12.13 12:19:44.179,1.45925,1.45955,2.25,1.50
2011.12.13 12:19:44.397,1.45926,1.45958,1.50,2.25
2011.12.13 12:19:44.615,1.45926,1.45958,1.50,2.25
2011.12.13 12:19:44.826,1.45924,1.45956,2.63,1.88
2011.12.13 12:19:45.343,1.45924,1.45956,2.63,1.88
2011.12.13 12:19:46.353,1.45924,1.45956,2.63,1.88
2011.12.13 12:19:46.482,1.45924,1.45956,2.25,2.25
2011.12.13 12:19:47.107,1.45924,1.45956,2.25,2.63
2011.12.13 12:19:47.260,1.45924,1.45956,1.50,2.63
2011.12.13 12:19:48.466,1.45924,1.45956,2.25,2.25
2011.12.13 12:19:48.736,1.45926,1.45958,2.25,1.88
2011.12.13 12:19:48.805,1.45925,1.45953,2.63,1.43
2011.12.13 12:19:49.208,1.45922,1.45952,2.25,1.88
2011.12.13 12:19:49.552,1.45922,1.45952,2.25,2.25
2011.12.13 12:19:51.809,1.45918,1.4595,2.25,2.25
2011.12.13 12:19:51.895,1.45921,1.45947,1.50,1.43
2011.12.13 12:19:52.236,1.45921,1.45946,2.25,2.18
2011.12.13 12:19:52.958,1.45921,1.45947,2.25,2.18
2011.12.13 12:19:53.686,1.45916,1.45942,2.25,2.18
2011.12.13 12:19:53.902,1.45916,1.45942,1.50,2.18
2011.12.13 12:19:53.972,1.45916,1.45942,1.50,2.18
2011.12.13 12:19:54.549,1.45913,1.45942,2.25,2.18
2011.12.13 12:20:00.863,1.45915,1.45943,2.25,2.55
2011.12.13 12:20:01.714,1.45918,1.45943,1.50,2.18
2011.12.13 12:20:01.997,1.45914,1.45941,2.25,2.25
2011.12.13 12:20:02.336,1.45917,1.45941,1.50,2.25
2011.12.13 12:20:02.933,1.45916,1.45943,2.25,2.55
2011.12.13 12:20:04.574,1.45919,1.45944,1.50,2.18
2011.12.13 12:20:05.025,1.45911,1.45935,1.50,1.13
2011.12.13 12:20:05.107,1.45903,1.45933,2.25,2.18
2011.12.13 12:20:05.185,1.45902,1.45934,3.00,2.25
2011.12.13 12:20:05.537,1.45904,1.45934,1.50,2.25
2011.12.13 12:20:06.401,1.45902,1.45934,2.25,2.25
2011.12.13 12:20:06.915,1.45902,1.45932,2.25,1.50
2011.12.13 12:20:07.002,1.45903,1.45934,1.50,2.25
2011.12.13 12:20:07.083,1.45905,1.45935,1.50,2.63
2011.12.13 12:20:07.160,1.45905,1.45935,1.50,2.25
2011.12.13 12:20:08.393,1.45905,1.45937,1.50,3.75
2011.12.13 12:20:09.070,1.45905,1.45935,1.50,1.88
2011.12.13 12:20:09.423,1.45902,1.45934,2.25,2.63
2011.12.13 12:20:09.507,1.45901,1.45931,2.25,1.88
2011.12.13 12:20:09.590,1.45901,1.45931,1.50,3.00
2011.12.13 12:20:09.809,1.45897,1.45927,3.00,2.52
2011.12.13 12:20:09.962,1.45898,1.45925,1.13,1.88
2011.12.13 12:20:10.563,1.45898,1.45927,1.13,1.84
2011.12.13 12:20:10.707,1.45897,1.45927,1.50,1.09
2011.12.13 12:20:11.160,1.45898,1.45927,1.50,1.09
2011.12.13 12:20:11.590,1.45897,1.45929,1.50,2.59
2011.12.13 12:20:13.229,1.45895,1.45925,3.00,1.88
2011.12.13 12:20:13.724,1.45895,1.45921,1.50,1.50
2011.12.13 12:20:14.486,1.45891,1.45921,1.50,2.25
2011.12.13 12:20:15.093,1.45891,1.4592,1.13,2.25
2011.12.13 12:20:15.165,1.4589,1.4592,2.63,2.25
2011.12.13 12:20:15.238,1.45888,1.45918,3.75,1.88
2011.12.13 12:20:16.105,1.45888,1.45918,2.63,1.50
2011.12.13 12:20:17.182,1.45888,1.45915,1.13,1.50
2011.12.13 12:20:19.363,1.45888,1.45918,1.13,1.50
2011.12.13 12:20:20.405,1.45889,1.45918,1.13,1.88
2011.12.13 12:20:21.117,1.45887,1.45915,1.13,1.50
2011.12.13 12:20:21.267,1.45886,1.45918,2.63,2.25
2011.12.13 12:20:21.816,1.4589,1.45919,1.13,2.22
2011.12.13 12:20:22.462,1.4589,1.45922,2.63,2.97
2011.12.13 12:20:24.215,1.4589,1.45922,2.63,1.88
2011.12.13 12:20:24.560,1.45893,1.45922,1.13,1.88
2011.12.13 12:20:25.116,1.45893,1.45922,1.50,1.50
2011.12.13 12:20:26.292,1.4589,1.45918,1.50,1.50
2011.12.13 12:20:27.484,1.45894,1.4592,1.80,1.50
2011.12.13 12:20:27.707,1.45894,1.45921,1.80,1.84
2011.12.13 12:20:27.846,1.45895,1.45921,1.13,1.50
2011.12.13 12:20:28.524,1.45895,1.45924,2.25,1.84
2011.12.13 12:20:28.866,1.45893,1.45923,2.25,1.84
2011.12.13 12:20:29.215,1.45893,1.45923,2.25,2.22
2011.12.13 12:20:29.496,1.45893,1.45923,1.50,2.22
2011.12.13 12:20:30.284,1.45891,1.45921,2.25,2.22
2011.12.13 12:20:30.427,1.45891,1.45921,3.00,2.22
2011.12.13 12:20:30.506,1.45894,1.45921,1.13,1.50
2011.12.13 12:20:30.576,1.45898,1.45927,2.93,1.50
2011.12.13 12:20:30.767,1.45896,1.45922,1.50,1.43
2011.12.13 12:20:30.916,1.45894,1.45922,1.88,1.43
2011.12.13 12:20:31.056,1.45894,1.45922,1.50,1.80
2011.12.13 12:20:31.384,1.45895,1.45926,1.13,3.38
2011.12.13 12:20:31.940,1.45895,1.45923,1.13,1.09
2011.12.13 12:20:32.157,1.4589,1.45918,1.13,1.88
2011.12.13 12:20:32.230,1.45888,1.45918,1.88,1.88
2011.12.13 12:20:32.706,1.45883,1.45912,1.13,1.88
2011.12.13 12:20:33.834,1.45886,1.45912,1.13,1.88
2011.12.13 12:20:34.115,1.45884,1.45916,2.63,1.88
2011.12.13 12:20:34.378,1.45885,1.45916,1.13,1.88
2011.12.13 12:20:34.518,1.45885,1.45916,1.13,1.88
2011.12.13 12:20:34.598,1.45885,1.45916,1.13,1.88
2011.12.13 12:20:34.674,1.45884,1.45916,2.63,1.88
2011.12.13 12:20:35.101,1.45885,1.45916,1.13,1.88
2011.12.13 12:20:36.449,1.45886,1.45913,1.13,1.88
2011.12.13 12:20:36.596,1.45886,1.45916,1.13,1.88
2011.12.13 12:20:37.458,1.45883,1.45912,2.63,1.88
2011.12.13 12:20:37.553,1.45882,1.45912,3.68,1.88
2011.12.13 12:20:37.636,1.45882,1.45912,3.68,2.25
2011.12.13 12:20:38.335,1.45884,1.45911,1.50,1.09
2011.12.13 12:20:38.953,1.45884,1.45916,1.50,3.00
2011.12.13 12:20:39.627,1.45883,1.45913,1.50,1.88
2011.12.13 12:20:39.707,1.45881,1.45913,2.25,1.88
2011.12.13 12:20:39.843,1.45881,1.45913,2.25,1.88
2011.12.13 12:20:41.092,1.45881,1.45913,2.25,1.88
2011.12.13 12:20:41.164,1.45881,1.45913,2.25,3.30
2011.12.13 12:20:41.604,1.45881,1.45913,2.25,1.88
2011.12.13 12:20:41.884,1.45885,1.45915,1.50,2.25
2011.12.13 12:20:45.224,1.45886,1.45916,1.50,1.50
2011.12.13 12:20:45.784,1.45886,1.45913,2.25,1.80
2011.12.13 12:20:45.995,1.45885,1.45913,1.50,1.80
2011.12.13 12:20:46.553,1.45885,1.45914,2.25,2.18
2011.12.13 12:20:47.246,1.45885,1.45914,2.25,2.18
2011.12.13 12:20:47.899,1.45885,1.45914,2.25,2.18
2011.12.13 12:20:48.119,1.45886,1.45916,2.25,2.18
2011.12.13 12:20:48.654,1.45886,1.45916,2.25,2.18
2011.12.13 12:20:49.252,1.45886,1.45916,1.50,2.18
2011.12.13 12:20:49.922,1.45886,1.45911,1.50,1.50
2011.12.13 12:20:50.243,1.45882,1.45909,1.13,1.50
2011.12.13 12:20:50.315,1.45882,1.45914,1.88,2.25
2011.12.13 12:20:50.442,1.45882,1.45914,1.88,2.25
2011.12.13 12:20:50.513,1.45885,1.45916,1.50,3.68
2011.12.13 12:20:51.356,1.45885,1.45917,2.25,3.68
2011.12.13 12:20:52.280,1.45888,1.45917,2.25,2.18
2011.12.13 12:20:54.345,1.45888,1.45915,1.50,2.18
2011.12.13 12:20:54.714,1.45888,1.45915,1.50,2.18
2011.12.13 12:20:54.983,1.45886,1.45913,1.50,1.50
2011.12.13 12:20:55.185,1.45889,1.45915,1.50,1.13
2011.12.13 12:20:55.945,1.45889,1.45916,1.50,2.18
2011.12.13 12:20:58.021,1.45889,1.45913,2.25,1.80
2011.12.13 12:20:58.096,1.45892,1.45913,1.50,1.80
2011.12.13 12:20:58.743,1.45892,1.45913,2.25,1.80
2011.12.13 12:20:59.658,1.45891,1.45919,2.25,1.09
2011.12.13 12:20:59.873,1.45891,1.45919,2.25,1.09
2011.12.13 12:21:00.003,1.45895,1.45919,1.50,1.09
2011.12.13 12:21:06.372,1.45892,1.45922,2.25,2.25
2011.12.13 12:21:07.473,1.45893,1.45922,1.50,2.18
2011.12.13 12:21:07.548,1.45899,1.45922,1.50,2.18
2011.12.13 12:21:07.979,1.45896,1.45926,2.25,1.47
2011.12.13 12:21:09.975,1.45898,1.45926,1.50,1.47
2011.12.13 12:21:10.545,1.45898,1.45926,1.50,1.09
2011.12.13 12:21:10.673,1.45896,1.45926,3.75,2.59
2011.12.13 12:21:16.626,1.45896,1.45926,2.25,2.97
2011.12.13 12:21:17.175,1.45898,1.45929,2.25,1.13
2011.12.13 12:21:17.243,1.45898,1.45929,2.25,1.13
2011.12.13 12:21:17.386,1.45905,1.45935,2.25,2.25
2011.12.13 12:21:17.724,1.45905,1.45937,2.25,2.97
2011.12.13 12:21:18.065,1.45906,1.45936,3.75,1.88
2011.12.13 12:21:18.134,1.45906,1.45936,3.75,1.88
2011.12.13 12:21:18.345,1.45908,1.45939,2.25,1.09
2011.12.13 12:21:18.674,1.45908,1.45937,2.25,1.47
2011.12.13 12:21:18.874,1.45905,1.45937,2.25,2.97
2011.12.13 12:21:19.814,1.4591,1.45937,2.25,1.47
2011.12.13 12:21:19.895,1.45913,1.45937,1.50,1.09
2011.12.13 12:21:19.972,1.45913,1.45937,1.50,1.09
2011.12.13 12:21:20.117,1.45913,1.45938,1.50,1.09
2011.12.13 12:21:20.464,1.45917,1.45938,1.50,1.09
2011.12.13 12:21:20.678,1.45915,1.45939,2.25,1.47
2011.12.13 12:21:20.898,1.45915,1.45943,2.25,1.13
2011.12.13 12:21:20.984,1.45919,1.45943,1.50,1.13
2011.12.13 12:21:21.193,1.45919,1.45944,1.50,1.13
2011.12.13 12:21:22.815,1.45919,1.45947,1.50,1.09
2011.12.13 12:21:23.484,1.45924,1.45947,1.50,1.09
2011.12.13 12:21:26.158,1.45924,1.45953,1.50,3.30
2011.12.13 12:21:26.514,1.45924,1.45954,3.00,2.59
2011.12.13 12:21:26.586,1.45927,1.45954,1.50,1.09
2011.12.13 12:21:26.728,1.45929,1.45955,1.50,1.47
2011.12.13 12:21:27.139,1.45926,1.45958,1.50,3.34
2011.12.13 12:21:27.617,1.45926,1.45956,1.50,1.47
2011.12.13 12:21:33.373,1.4593,1.45958,1.50,1.84
2011.12.13 12:21:36.989,1.45926,1.45954,1.50,1.84
2011.12.13 12:21:38.124,1.45924,1.45952,1.50,1.13
2011.12.13 12:21:38.675,1.45926,1.45952,1.50,1.13
2011.12.13 12:21:40.281,1.45925,1.45952,1.50,1.50
2011.12.13 12:21:40.569,1.45928,1.45952,1.50,1.13
2011.12.13 12:21:41.055,1.4593,1.45958,1.50,1.13
2011.12.13 12:21:41.409,1.45933,1.4596,1.88,1.50
2011.12.13 12:21:41.842,1.45937,1.45965,1.50,1.84
2011.12.13 12:21:41.984,1.4594,1.45965,1.50,1.50
2011.12.13 12:21:42.195,1.4594,1.45968,1.50,1.50
2011.12.13 12:21:42.269,1.45942,1.45968,1.50,1.50
2011.12.13 12:21:42.631,1.45946,1.45971,1.50,2.18
2011.12.13 12:21:42.988,1.45948,1.45973,1.50,1.09
2011.12.13 12:21:43.671,1.45953,1.4598,1.50,2.18
2011.12.13 12:21:44.236,1.45952,1.4598,1.50,2.18
2011.12.13 12:21:44.364,1.45954,1.4598,1.50,2.18
2011.12.13 12:21:44.779,1.45957,1.45981,1.50,2.18
2011.12.13 12:21:44.858,1.45952,1.4597,2.25,1.80
2011.12.13 12:21:44.941,1.45952,1.45977,2.25,1.88
2011.12.13 12:21:45.021,1.45955,1.45977,1.50,1.88
2011.12.13 12:21:45.097,1.45955,1.45978,1.50,1.13
2011.12.13 12:21:45.239,1.45955,1.45983,1.50,1.13
2011.12.13 12:21:45.604,1.45961,1.45986,1.50,2.25
2011.12.13 12:21:45.677,1.45963,1.45991,1.50,1.09
2011.12.13 12:21:45.887,1.45961,1.45991,1.50,1.84
2011.12.13 12:21:45.970,1.45956,1.45988,1.50,2.25
2011.12.13 12:21:46.046,1.4596,1.45989,1.50,1.80
2011.12.13 12:21:46.258,1.4596,1.4599,3.30,1.88
2011.12.13 12:21:46.336,1.4596,1.4599,3.30,2.63
2011.12.13 12:21:46.863,1.4596,1.4599,1.88,1.88
2011.12.13 12:21:49.444,1.45961,1.4599,1.80,1.88
2011.12.13 12:21:49.962,1.45962,1.45994,1.50,2.63
2011.12.13 12:21:50.469,1.45962,1.45994,1.50,2.63
2011.12.13 12:21:51.461,1.45964,1.45995,1.50,1.50
2011.12.13 12:21:51.885,1.45959,1.45989,1.50,1.43
2011.12.13 12:21:52.418,1.45959,1.4599,1.50,2.18
2011.12.13 12:21:52.498,1.45959,1.4599,1.50,2.18
2011.12.13 12:21:52.978,1.45956,1.45988,2.25,2.25
2011.12.13 12:21:53.538,1.45956,1.45988,1.50,2.25
2011.12.13 12:21:54.024,1.45959,1.45987,1.50,1.80
2011.12.13 12:21:55.401,1.45957,1.45987,3.00,3.30
2011.12.13 12:21:58.009,1.45957,1.45987,1.88,2.93
2011.12.13 12:21:58.100,1.4596,1.45989,1.50,1.13
2011.12.13 12:21:58.759,1.45963,1.45991,1.50,1.84
2011.12.13 12:21:59.281,1.45964,1.45991,1.50,1.84
2011.12.13 12:21:59.615,1.45968,1.45991,1.50,1.09
2011.12.13 12:22:00.126,1.45968,1.45996,1.50,1.88
2011.12.13 12:22:01.024,1.45966,1.45995,1.50,1.13
2011.12.13 12:22:03.263,1.45966,1.45994,1.50,1.13
2011.12.13 12:22:03.340,1.45966,1.45995,1.50,1.13
2011.12.13 12:22:03.424,1.45966,1.45995,1.50,1.88
2011.12.13 12:22:03.501,1.45962,1.45993,2.97,1.88
2011.12.13 12:22:03.733,1.45963,1.45995,1.50,1.84
2011.12.13 12:22:04.104,1.45963,1.4599,1.50,1.43
2011.12.13 12:22:04.396,1.45959,1.4599,1.88,1.50
2011.12.13 12:22:04.615,1.45961,1.45991,1.50,2.93
2011.12.13 12:22:04.963,1.45966,1.45997,1.50,2.25
2011.12.13 12:22:06.932,1.45966,1.45997,1.50,2.63
2011.12.13 12:22:07.696,1.45964,1.45994,1.88,1.88
2011.12.13 12:22:07.908,1.45962,1.45992,3.38,1.50
2011.12.13 12:22:08.173,1.45963,1.45995,1.88,1.88
2011.12.13 12:22:08.973,1.45963,1.45995,1.88,1.88
2011.12.13 12:22:12.603,1.45961,1.45993,2.22,1.50
2011.12.13 12:22:13.490,1.45964,1.45994,1.50,1.88
2011.12.13 12:22:13.634,1.45961,1.45993,2.22,1.50
2011.12.13 12:22:13.831,1.45959,1.45989,3.72,1.50
