2013.08.19 01:00:02.426,1.44791,1.44817,1.50,2.44
2013.08.19 01:00:04.326,1.44791,1.44817,1.50,1.69
2013.08.19 01:00:09.325,1.44791,1.44817,1.50,1.69
2013.08.19 01:00:10.230,1.44791,1.44817,1.50,1.69
2013.08.19 01:00:11.554,1.44788,1.44818,2.44,2.44
2013.08.19 01:00:11.974,1.44793,1.44823,1.50,1.69
2013.08.19 01:00:13.449,1.44793,1.44823,1.69,1.32
2013.08.19 01:00:14.075,1.44791,1.44824,2.44,1.69
2013.08.19 01:00:14.434,1.44796,1.44824,1.50,1.69
2013.08.19 01:00:17.916,1.44793,1.44824,2.44,1.69
2013.08.19 01:00:17.973,1.44793,1.44824,1.69,1.69
2013.08.19 01:00:25.363,1.44793,1.44824,1.69,1.69
2013.08.19 01:00:29.690,1.44793,1.44824,1.69,1.50
2013.08.19 01:00:31.155,1.44793,1.44824,1.69,1.69
2013.08.19 01:00:31.504,1.44793,1.44824,1.69,1.69
2013.08.19 01:00:33.543,1.44797,1.44826,1.50,2.07
2013.08.19 01:00:33.604,1.44797,1.44826,2.25,2.07
2013.08.19 01:00:38.205,1.44797,1.44829,2.44,2.82
2013.08.19 01:00:38.506,1.44797,1.44827,2.25,1.69
2013.08.19 01:00:39.716,1.44797,1.44827,1.50,1.69
2013.08.19 01:00:41.552,1.4479,1.44821,1.88,1.13
2013.08.19 01:00:57.494,1.44791,1.4482,1.13,1.32
2013.08.19 01:01:00.034,1.44791,1.4482,1.13,1.32
2013.08.19 01:01:03.803,1.44791,1.4482,1.13,1.32
2013.08.19 01:01:06.005,1.44791,1.44819,1.13,1.32
2013.08.19 01:01:08.973,1.44791,1.44821,1.32,2.07
2013.08.19 01:01:09.863,1.44791,1.44819,1.13,1.32
2013.08.19 01:01:11.203,1.44791,1.4482,1.32,1.32
2013.08.19 01:01:12.004,1.44791,1.44819,1.13,1.32
2013.08.19 01:01:13.255,1.44791,1.44819,1.13,1.32
2013.08.19 01:01:14.969,1.44789,1.44819,1.13,1.32
2013.08.19 01:01:15.505,1.44788,1.44818,2.25,1.32
2013.08.19 01:01:16.834,1.44788,1.44818,2.25,2.07
2013.08.19 01:01:18.389,1.44788,1.44817,1.50,1.69
2013.08.19 01:01:19.514,1.44788,1.44817,1.50,1.32
2013.08.19 01:01:20.554,1.44788,1.44817,2.25,1.69
2013.08.19 01:01:22.096,1.44797,1.44818,1.50,1.32
2013.08.19 01:01:22.163,1.44797,1.44821,1.50,2.07
2013.08.19 01:01:22.703,1.44791,1.44821,1.69,1.69
2013.08.19 01:01:23.063,1.44788,1.44821,2.63,1.69
2013.08.19 01:01:23.564,1.44791,1.44817,1.50,1.32
2013.08.19 01:01:23.742,1.44791,1.44821,1.50,1.32
2013.08.19 01:01:23.803,1.44791,1.44822,1.50,1.69
2013.08.19 01:01:24.756,1.44793,1.44823,1.50,1.69
2013.08.19 01:01:25.616,1.44797,1.44823,1.50,1.69
2013.08.19 01:01:26.123,1.44798,1.44825,1.13,1.69
2013.08.19 01:01:30.041,1.44798,1.44822,1.13,1.69
2013.08.19 01:01:32.873,1.44798,1.44821,1.13,1.69
2013.08.19 01:01:34.176,1.44798,1.44829,1.13,4.32
2013.08.19 01:01:34.405,1.44798,1.4483,1.13,3.94
2013.08.19 01:01:35.575,1.44798,1.4483,1.32,2.44
2013.08.19 01:01:38.018,1.44798,1.44828,1.13,1.69
2013.08.19 01:01:39.457,1.44798,1.44827,1.13,1.69
2013.08.19 01:01:39.524,1.44798,1.44828,1.32,2.44
2013.08.19 01:01:39.835,1.44798,1.44828,1.32,1.69
2013.08.19 01:01:45.384,1.44807,1.44828,1.13,1.50
2013.08.19 01:01:45.504,1.44816,1.44832,1.13,1.32
2013.08.19 01:01:45.625,1.44816,1.44837,1.13,2.82
2013.08.19 01:01:45.804,1.44816,1.44837,1.13,2.07
2013.08.19 01:01:46.163,1.44813,1.44837,1.88,2.82
2013.08.19 01:01:46.224,1.44813,1.44837,1.13,1.13
2013.08.19 01:01:46.404,1.44813,1.4484,1.13,1.50
2013.08.19 01:01:46.464,1.44826,1.44845,1.13,2.44
2013.08.19 01:01:46.583,1.44826,1.44847,1.13,2.07
2013.08.19 01:01:46.704,1.44823,1.44847,1.13,2.82
2013.08.19 01:01:46.764,1.44817,1.44847,1.13,2.82
2013.08.19 01:01:46.943,1.44817,1.44847,1.13,2.82
2013.08.19 01:01:47.124,1.44809,1.44845,1.69,1.50
2013.08.19 01:01:47.243,1.44807,1.44842,1.69,1.88
2013.08.19 01:01:47.602,1.44806,1.44838,3.00,1.69
2013.08.19 01:01:48.123,1.44806,1.44839,1.13,2.82
2013.08.19 01:01:48.674,1.44806,1.44838,1.13,1.69
2013.08.19 01:01:50.844,1.44805,1.4484,1.13,1.69
2013.08.19 01:01:51.472,1.44805,1.44841,1.13,2.44
2013.08.19 01:01:51.946,1.44805,1.44838,1.13,1.69
2013.08.19 01:01:52.195,1.44805,1.44836,1.13,1.69
2013.08.19 01:01:52.255,1.44803,1.44832,2.25,1.50
2013.08.19 01:01:52.503,1.44797,1.44829,1.50,1.32
2013.08.19 01:01:52.926,1.44792,1.44826,1.50,1.50
2013.08.19 01:01:52.994,1.44787,1.44825,1.50,2.44
2013.08.19 01:01:53.174,1.44786,1.44822,1.13,1.69
2013.08.19 01:01:53.293,1.44784,1.44822,1.13,3.94
2013.08.19 01:01:53.631,1.44787,1.44821,1.50,2.44
2013.08.19 01:01:54.274,1.44788,1.44821,1.50,2.44
2013.08.19 01:01:54.803,1.44788,1.44818,1.50,1.69
2013.08.19 01:01:55.104,1.44787,1.44818,2.25,1.69
2013.08.19 01:01:55.813,1.44788,1.44817,1.50,1.69
2013.08.19 01:02:01.143,1.44788,1.44817,1.50,1.69
2013.08.19 01:02:01.563,1.44786,1.44821,1.88,1.32
2013.08.19 01:02:03.907,1.44785,1.44818,1.13,1.69
2013.08.19 01:02:05.152,1.44785,1.44817,1.13,1.69
2013.08.19 01:02:15.854,1.44785,1.44817,1.32,1.69
2013.08.19 01:02:18.557,1.44785,1.44817,1.13,1.69
2013.08.19 01:02:21.883,1.44788,1.44817,1.50,1.69
2013.08.19 01:02:24.429,1.44785,1.44817,1.88,1.69
2013.08.19 01:02:25.215,1.44793,1.44817,1.50,1.69
2013.08.19 01:02:25.530,1.44793,1.44815,1.50,2.44
2013.08.19 01:02:30.445,1.44793,1.44817,1.50,1.69
2013.08.19 01:02:30.751,1.44794,1.44823,1.13,1.13
2013.08.19 01:02:30.812,1.44794,1.44824,1.13,1.13
2013.08.19 01:02:31.171,1.44795,1.44823,1.13,1.88
2013.08.19 01:02:31.712,1.44797,1.44822,1.50,1.50
2013.08.19 01:02:35.644,1.44797,1.44822,1.50,1.69
2013.08.19 01:02:35.862,1.44797,1.44821,1.50,1.69
2013.08.19 01:02:36.220,1.44792,1.44817,1.13,3.19
2013.08.19 01:02:36.561,1.44792,1.44815,1.13,2.44
2013.08.19 01:02:37.102,1.44792,1.44812,1.13,2.44
2013.08.19 01:02:38.522,1.44792,1.44815,1.13,2.44
2013.08.19 01:02:40.071,1.44788,1.44809,1.13,1.32
2013.08.19 01:02:40.262,1.44785,1.44807,1.28,3.57
2013.08.19 01:02:40.452,1.44783,1.44807,1.13,2.82
2013.08.19 01:02:40.751,1.44785,1.44807,1.50,1.32
2013.08.19 01:02:42.061,1.44785,1.44809,1.50,1.32
2013.08.19 01:02:44.221,1.44785,1.44807,1.50,1.32
2013.08.19 01:02:44.571,1.44785,1.44812,1.50,3.57
2013.08.19 01:02:46.071,1.44785,1.44812,1.50,3.57
2013.08.19 01:02:51.128,1.44785,1.44812,1.50,3.57
2013.08.19 01:02:51.471,1.44785,1.44812,1.50,2.07
2013.08.19 01:02:56.681,1.44786,1.44812,1.50,2.07
2013.08.19 01:02:58.870,1.44786,1.44812,1.50,2.07
2013.08.19 01:03:01.211,1.44786,1.44812,1.50,2.07
2013.08.19 01:03:02.519,1.44786,1.44812,1.50,2.07
2013.08.19 01:03:03.693,1.44786,1.44812,1.50,3.57
2013.08.19 01:03:06.436,1.44786,1.44809,1.50,1.32
2013.08.19 01:03:06.961,1.44786,1.44809,1.50,1.32
2013.08.19 01:03:09.391,1.44786,1.44811,1.50,1.32
2013.08.19 01:03:18.531,1.44785,1.44809,1.88,1.32
2013.08.19 01:03:19.300,1.44785,1.44809,1.88,1.32
2013.08.19 01:03:24.642,1.44784,1.44811,1.50,1.32
2013.08.19 01:03:32.591,1.44784,1.44809,1.69,1.13
2013.08.19 01:03:33.360,1.44783,1.44808,2.25,1.69
2013.08.19 01:03:33.933,1.44783,1.44808,2.25,1.69
2013.08.19 01:03:40.705,1.44786,1.44809,1.50,1.32
2013.08.19 01:03:42.606,1.44787,1.44811,1.50,1.32
2013.08.19 01:03:42.732,1.44787,1.44814,1.50,2.07
2013.08.19 01:03:51.180,1.44787,1.44815,1.69,1.32
2013.08.19 01:03:55.981,1.44788,1.44814,2.25,2.82
2013.08.19 01:03:56.161,1.44788,1.44814,2.63,1.32
2013.08.19 01:03:56.282,1.44789,1.44815,1.13,1.32
2013.08.19 01:03:59.665,1.44789,1.44814,1.13,1.32
2013.08.19 01:04:02.931,1.44789,1.44816,1.13,2.44
2013.08.19 01:04:03.290,1.44793,1.44822,1.50,2.07
2013.08.19 01:04:03.358,1.44793,1.44822,1.50,1.32
2013.08.19 01:04:03.482,1.44793,1.44823,1.50,1.32
2013.08.19 01:04:03.601,1.44799,1.44823,1.50,1.32
2013.08.19 01:04:03.917,1.44801,1.4483,1.13,1.69
2013.08.19 01:04:03.986,1.44801,1.44832,1.13,1.32
2013.08.19 01:04:04.513,1.44803,1.44831,1.50,1.32
2013.08.19 01:04:05.016,1.44801,1.44832,1.88,1.32
2013.08.19 01:04:05.460,1.44803,1.4483,1.50,1.69
2013.08.19 01:04:06.810,1.44803,1.4483,1.50,1.69
2013.08.19 01:04:07.782,1.44803,1.4483,1.50,1.69
2013.08.19 01:04:08.992,1.44803,1.44829,1.50,2.44
2013.08.19 01:04:11.732,1.44806,1.44829,1.50,2.44
2013.08.19 01:04:13.102,1.4481,1.44833,1.50,3.19
2013.08.19 01:04:14.251,1.4481,1.44832,1.50,2.07
2013.08.19 01:04:14.611,1.44807,1.44831,1.50,1.69
2013.08.19 01:04:14.790,1.44811,1.44835,1.50,1.69
2013.08.19 01:04:15.325,1.44811,1.44835,1.50,1.69
2013.08.19 01:04:15.531,1.44811,1.44836,1.50,1.69
2013.08.19 01:04:15.691,1.44811,1.44837,1.50,1.69
2013.08.19 01:04:16.192,1.44811,1.44839,1.50,3.94
2013.08.19 01:04:17.132,1.44811,1.44837,1.50,1.69
2013.08.19 01:04:17.681,1.44811,1.44837,1.50,1.69
2013.08.19 01:04:17.861,1.44811,1.44841,1.50,1.32
2013.08.19 01:04:17.921,1.44811,1.44841,1.50,1.32
2013.08.19 01:04:17.982,1.44811,1.44839,1.50,1.69
2013.08.19 01:04:20.801,1.44814,1.44844,1.88,2.44
2013.08.19 01:04:21.951,1.44817,1.44843,1.50,1.69
2013.08.19 01:04:22.511,1.44818,1.44843,1.50,1.69
2013.08.19 01:04:23.150,1.44818,1.44842,1.50,1.69
2013.08.19 01:04:23.512,1.44813,1.44835,1.50,1.50
2013.08.19 01:04:24.375,1.44818,1.44836,1.50,1.32
2013.08.19 01:04:24.501,1.44818,1.44842,1.50,1.69
2013.08.19 01:04:24.621,1.44818,1.44843,1.50,2.44
2013.08.19 01:04:25.580,1.44819,1.44843,1.50,1.50
2013.08.19 01:04:25.700,1.44818,1.44845,1.50,3.57
2013.08.19 01:04:25.960,1.44819,1.44845,1.50,2.07
2013.08.19 01:04:32.432,1.44819,1.44846,1.50,1.50
2013.08.19 01:04:32.950,1.44821,1.44844,1.50,2.44
2013.08.19 01:04:35.171,1.44817,1.44842,1.13,1.69
2013.08.19 01:04:35.720,1.44813,1.44842,1.88,2.07
2013.08.19 01:04:37.112,1.44818,1.44842,1.50,2.07
2013.08.19 01:04:38.616,1.44813,1.44842,1.88,2.07
2013.08.19 01:04:38.923,1.44813,1.44842,1.13,2.07
2013.08.19 01:04:39.111,1.44809,1.44838,1.13,2.07
2013.08.19 01:04:39.171,1.44809,1.44835,1.13,1.69
2013.08.19 01:04:39.291,1.44807,1.44833,1.13,1.32
2013.08.19 01:04:39.351,1.44807,1.44832,1.13,1.69
2013.08.19 01:04:39.772,1.44803,1.44832,1.50,1.69
2013.08.19 01:04:40.982,1.44803,1.44832,2.25,1.69
2013.08.19 01:04:41.384,1.44803,1.44832,2.25,1.69
2013.08.19 01:04:42.554,1.44803,1.44832,2.25,1.69
2013.08.19 01:04:43.412,1.44811,1.44833,1.50,1.32
2013.08.19 01:04:43.530,1.44811,1.44838,1.50,1.69
2013.08.19 01:04:45.622,1.44808,1.44838,1.50,1.69
2013.08.19 01:04:45.800,1.44808,1.44835,1.50,1.69
2013.08.19 01:04:47.830,1.44808,1.44835,1.50,1.69
2013.08.19 01:04:52.096,1.44808,1.44836,1.50,1.69
2013.08.19 01:04:52.461,1.44804,1.44832,1.13,1.69
2013.08.19 01:04:53.612,1.44804,1.44832,1.13,1.69
2013.08.19 01:04:55.471,1.44803,1.44829,1.88,1.69
2013.08.19 01:04:55.772,1.44803,1.44829,1.88,1.69
2013.08.19 01:05:00.282,1.44803,1.4483,1.88,1.32
2013.08.19 01:05:00.702,1.44805,1.4483,1.13,1.32
2013.08.19 01:05:00.981,1.44804,1.4483,1.13,1.32
2013.08.19 01:05:01.401,1.44804,1.4483,1.13,1.32
2013.08.19 01:05:03.381,1.44804,1.44832,1.13,1.32
2013.08.19 01:05:06.966,1.44804,1.44831,1.13,1.32
2013.08.19 01:05:07.424,1.44808,1.44833,1.88,1.32
2013.08.19 01:05:07.612,1.44808,1.44836,1.88,1.69
2013.08.19 01:05:08.977,1.44808,1.44836,1.88,1.69
2013.08.19 01:05:10.531,1.44808,1.44836,1.88,1.69
2013.08.19 01:05:13.951,1.44808,1.44837,1.88,1.69
2013.08.19 01:05:14.461,1.44808,1.4484,1.88,1.32
2013.08.19 01:05:15.999,1.44808,1.44839,1.88,1.32
2013.08.19 01:05:16.661,1.44813,1.4484,1.50,1.32
2013.08.19 01:05:16.729,1.44813,1.4484,1.50,2.07
2013.08.19 01:05:18.261,1.44809,1.44837,1.50,1.32
2013.08.19 01:05:18.621,1.44809,1.44833,1.13,1.32
2013.08.19 01:05:19.561,1.44808,1.44839,1.88,1.32
2013.08.19 01:05:20.070,1.44808,1.44833,1.13,1.32
2013.08.19 01:05:21.131,1.44808,1.44833,1.13,1.32
2013.08.19 01:05:22.762,1.44809,1.44836,1.13,1.32
2013.08.19 01:05:23.893,1.44813,1.44839,1.50,1.32
2013.08.19 01:05:24.192,1.44808,1.44833,1.13,1.13
2013.08.19 01:05:24.493,1.44809,1.44836,1.13,1.32
2013.08.19 01:05:25.031,1.44808,1.44837,1.88,1.69
2013.08.19 01:05:28.491,1.44808,1.44838,1.88,1.69
2013.08.19 01:05:32.503,1.44808,1.44839,1.88,1.32
2013.08.19 01:05:34.961,1.44808,1.44833,1.13,1.13
2013.08.19 01:05:46.731,1.44804,1.44832,1.13,1.13
2013.08.19 01:05:46.792,1.44803,1.44832,2.03,2.07
2013.08.19 01:05:46.911,1.44804,1.44828,1.50,1.32
2013.08.19 01:05:47.423,1.44808,1.44834,1.50,2.44
2013.08.19 01:05:50.282,1.44808,1.44834,1.50,2.44
2013.08.19 01:05:53.775,1.44807,1.44835,1.13,1.69
2013.08.19 01:05:54.161,1.44808,1.44834,1.50,1.69
2013.08.19 01:06:06.292,1.44808,1.44837,1.50,1.69
2013.08.19 01:06:06.412,1.44815,1.44838,1.50,1.32
2013.08.19 01:06:06.532,1.44817,1.44839,1.13,1.69
2013.08.19 01:06:06.592,1.44815,1.44841,1.50,1.69
2013.08.19 01:06:06.712,1.44815,1.44842,1.50,2.07
2013.08.19 01:06:07.113,1.44815,1.44842,1.50,2.07
2013.08.19 01:06:14.293,1.44818,1.44842,1.50,1.32
2013.08.19 01:06:19.643,1.44813,1.44842,1.69,2.07
2013.08.19 01:06:21.223,1.44813,1.44842,1.50,2.07
2013.08.19 01:06:27.391,1.44812,1.44841,1.13,1.32
2013.08.19 01:06:29.303,1.44812,1.44841,1.69,1.32
2013.08.19 01:06:30.342,1.44812,1.44841,1.69,2.07
2013.08.19 01:06:40.874,1.44811,1.44837,1.13,1.32
2013.08.19 01:06:40.943,1.44811,1.44827,1.13,1.13
2013.08.19 01:06:41.194,1.44807,1.44832,1.50,1.69
2013.08.19 01:06:41.385,1.44807,1.44832,1.50,1.32
2013.08.19 01:06:41.452,1.44807,1.44831,1.50,1.32
2013.08.19 01:06:41.513,1.44799,1.44827,2.44,1.50
2013.08.19 01:06:41.573,1.44799,1.44827,1.50,1.69
2013.08.19 01:06:41.931,1.44804,1.44835,1.13,2.44
2013.08.19 01:06:42.233,1.4481,1.44831,1.13,1.32
2013.08.19 01:06:42.292,1.44808,1.44832,1.50,1.32
2013.08.19 01:06:42.352,1.44804,1.44837,1.88,3.94
2013.08.19 01:06:42.712,1.44803,1.44832,1.50,1.69
2013.08.19 01:06:43.251,1.44803,1.4483,1.50,2.44
2013.08.19 01:06:43.904,1.44808,1.44835,1.50,3.57
2013.08.19 01:06:43.974,1.44811,1.44835,1.13,1.32
2013.08.19 01:06:44.102,1.44811,1.44837,1.13,2.44
2013.08.19 01:06:44.223,1.44811,1.44837,1.50,1.69
2013.08.19 01:06:45.082,1.44811,1.44835,1.50,1.69
2013.08.19 01:06:46.222,1.44811,1.44835,1.13,1.69
2013.08.19 01:06:49.832,1.44811,1.44835,1.13,1.69
2013.08.19 01:06:50.522,1.44809,1.44835,1.50,1.69
2013.08.19 01:06:50.604,1.44809,1.44838,1.50,1.69
2013.08.19 01:06:51.722,1.44809,1.44836,1.50,1.69
2013.08.19 01:06:52.438,1.44809,1.44835,1.13,1.69
2013.08.19 01:06:53.096,1.44804,1.44836,1.50,1.69
2013.08.19 01:06:55.152,1.44808,1.44835,1.50,1.69
2013.08.19 01:06:55.871,1.44808,1.44831,1.50,1.69
2013.08.19 01:06:56.941,1.44808,1.44831,1.50,1.69
2013.08.19 01:06:58.791,1.44808,1.44831,1.50,2.44
2013.08.19 01:07:00.064,1.44808,1.44831,1.50,2.44
2013.08.19 01:07:01.016,1.44804,1.44831,1.13,1.69
2013.08.19 01:07:01.402,1.44803,1.44826,1.50,1.69
2013.08.19 01:07:02.343,1.44802,1.44826,1.13,1.32
2013.08.19 01:07:03.348,1.44802,1.44828,1.13,1.32
2013.08.19 01:07:03.413,1.44801,1.44817,1.13,1.13
2013.08.19 01:07:03.532,1.44799,1.44817,1.88,1.13
2013.08.19 01:07:03.592,1.44799,1.44822,1.88,1.13
2013.08.19 01:07:03.831,1.44798,1.44822,1.13,1.13
2013.08.19 01:07:03.891,1.44798,1.44821,1.13,1.50
2013.08.19 01:07:03.952,1.44793,1.4482,1.32,1.50
2013.08.19 01:07:05.546,1.44792,1.4482,1.50,1.69
2013.08.19 01:07:05.853,1.44795,1.44823,1.50,1.69
2013.08.19 01:07:06.392,1.44801,1.44821,1.50,1.69
2013.08.19 01:07:07.064,1.44798,1.44821,1.50,1.69
2013.08.19 01:07:07.123,1.44798,1.4482,1.50,1.32
2013.08.19 01:07:07.242,1.4479,1.44817,1.35,1.69
2013.08.19 01:07:07.382,1.44788,1.44817,2.25,1.69
2013.08.19 01:07:07.444,1.44789,1.44819,1.13,1.69
2013.08.19 01:07:07.752,1.44788,1.44815,1.32,2.25
2013.08.19 01:07:07.813,1.44789,1.44815,1.13,1.50
2013.08.19 01:07:07.882,1.44784,1.44815,1.13,1.69
2013.08.19 01:07:08.061,1.4478,1.44815,1.50,1.69
2013.08.19 01:07:08.182,1.44781,1.44815,1.13,2.44
2013.08.19 01:07:08.485,1.44777,1.44809,1.88,1.69
2013.08.19 01:07:08.671,1.44777,1.44798,1.13,1.13
2013.08.19 01:07:09.112,1.44778,1.44809,1.50,1.69
2013.08.19 01:07:09.982,1.44783,1.44811,1.50,3.57
2013.08.19 01:07:11.741,1.44783,1.44811,1.50,2.07
2013.08.19 01:07:11.802,1.44788,1.44811,1.50,1.32
2013.08.19 01:07:14.092,1.44788,1.44812,1.50,1.32
2013.08.19 01:07:14.393,1.44781,1.44814,1.88,1.32
2013.08.19 01:07:15.411,1.44786,1.44816,1.50,1.13
2013.08.19 01:07:15.771,1.44783,1.44816,2.07,1.88
2013.08.19 01:07:16.311,1.44785,1.44816,1.32,1.13
2013.08.19 01:07:16.652,1.44789,1.44816,1.13,1.13
2013.08.19 01:07:24.892,1.44789,1.44816,1.13,1.32
2013.08.19 01:07:25.022,1.44789,1.44817,1.13,1.32
2013.08.19 01:07:25.442,1.44789,1.4482,1.13,1.69
2013.08.19 01:07:25.801,1.44802,1.44821,1.13,1.88
2013.08.19 01:07:25.922,1.44797,1.44828,1.50,1.32
2013.08.19 01:07:25.983,1.44796,1.4483,1.69,1.69
2013.08.19 01:07:26.344,1.44794,1.44825,1.32,1.32
2013.08.19 01:07:26.822,1.448,1.44829,1.69,1.32
2013.08.19 01:07:26.941,1.44798,1.44829,1.50,1.32
2013.08.19 01:07:27.242,1.44798,1.44828,1.50,1.32
2013.08.19 01:07:27.551,1.44798,1.4483,1.50,1.69
2013.08.19 01:07:27.734,1.44798,1.4483,1.50,1.69
2013.08.19 01:07:28.101,1.44798,1.44831,1.88,1.69
2013.08.19 01:07:28.313,1.44798,1.4483,1.50,1.69
2013.08.19 01:07:28.851,1.44799,1.44829,1.13,1.69
2013.08.19 01:07:29.322,1.44798,1.44829,2.44,1.69
2013.08.19 01:07:31.711,1.44803,1.44827,1.50,1.32
2013.08.19 01:07:31.777,1.448,1.44825,1.13,1.32
2013.08.19 01:07:32.742,1.44798,1.44827,1.69,1.50
2013.08.19 01:07:32.864,1.44803,1.4483,1.50,2.07
2013.08.19 01:07:33.415,1.44801,1.4483,1.69,1.13
2013.08.19 01:07:34.651,1.44806,1.44831,1.69,1.13
2013.08.19 01:07:36.653,1.44806,1.4483,1.50,1.69
2013.08.19 01:07:36.772,1.44797,1.44827,1.69,1.88
2013.08.19 01:07:36.833,1.44797,1.44827,1.69,3.38
2013.08.19 01:07:36.893,1.44794,1.44827,1.13,3.38
2013.08.19 01:07:37.012,1.44792,1.44827,1.32,3.38
2013.08.19 01:07:37.193,1.4479,1.44827,1.32,4.13
2013.08.19 01:07:37.522,1.44788,1.44823,2.44,1.13
2013.08.19 01:07:37.702,1.44788,1.44823,1.69,1.13
2013.08.19 01:07:37.763,1.44789,1.44823,1.50,1.88
2013.08.19 01:07:37.963,1.44789,1.44823,1.50,1.50
2013.08.19 01:07:38.038,1.4479,1.44825,2.07,1.69
2013.08.19 01:07:47.221,1.44793,1.44824,1.69,1.50
2013.08.19 01:07:47.282,1.4479,1.44819,1.32,1.32
2013.08.19 01:07:47.462,1.44788,1.44803,1.50,1.13
2013.08.19 01:07:47.943,1.4478,1.44803,1.13,1.13
2013.08.19 01:07:48.431,1.44781,1.44808,2.44,1.13
2013.08.19 01:07:48.492,1.44783,1.44817,1.69,1.69
2013.08.19 01:07:48.613,1.44787,1.44816,1.50,1.13
2013.08.19 01:07:50.362,1.44789,1.44817,2.44,1.32
2013.08.19 01:07:51.761,1.4479,1.44817,1.50,1.32
2013.08.19 01:07:55.133,1.44784,1.44817,2.44,1.69
2013.08.19 01:07:55.681,1.44788,1.44818,1.50,2.44
2013.08.19 01:07:57.181,1.44788,1.44819,1.50,1.69
2013.08.19 01:07:57.392,1.44788,1.44816,1.50,1.69
2013.08.19 01:07:58.683,1.44792,1.44816,1.50,1.69
2013.08.19 01:07:58.812,1.44792,1.44819,1.50,1.69
2013.08.19 01:08:00.213,1.44792,1.4482,1.50,1.69
2013.08.19 01:08:00.432,1.44793,1.4482,1.50,1.69
2013.08.19 01:08:00.553,1.44793,1.44826,1.50,2.44
2013.08.19 01:08:00.612,1.44793,1.44826,1.50,1.69
2013.08.19 01:08:01.102,1.44793,1.44824,1.50,1.32
2013.08.19 01:08:01.341,1.44793,1.44826,1.50,1.69
2013.08.19 01:08:01.862,1.44793,1.44824,1.50,1.32
2013.08.19 01:08:02.172,1.44802,1.44825,1.88,1.69
2013.08.19 01:08:02.241,1.44802,1.44828,1.88,1.13
2013.08.19 01:08:02.361,1.44802,1.44832,1.88,2.44
2013.08.19 01:08:03.622,1.44803,1.44832,1.50,2.44
2013.08.19 01:08:03.861,1.44803,1.44832,1.50,1.69
2013.08.19 01:08:03.981,1.44803,1.44834,1.69,1.69
2013.08.19 01:08:04.102,1.44802,1.44832,2.07,1.69
2013.08.19 01:08:04.462,1.44803,1.4483,1.50,1.32
2013.08.19 01:08:04.651,1.44803,1.4483,1.50,1.32
2013.08.19 01:08:04.971,1.44803,1.4483,1.50,1.32
2013.08.19 01:08:05.511,1.44803,1.44831,1.50,1.32
2013.08.19 01:08:15.311,1.44803,1.44828,1.50,1.69
2013.08.19 01:08:16.503,1.44803,1.44827,1.50,1.32
2013.08.19 01:08:18.673,1.44799,1.44826,1.13,1.32
2013.08.19 01:08:18.990,1.44799,1.44823,1.13,1.32
2013.08.19 01:08:19.324,1.44798,1.44823,1.88,1.32
2013.08.19 01:08:19.694,1.44795,1.44822,1.88,1.32
2013.08.19 01:08:19.881,1.44795,1.44822,1.13,1.32
2013.08.19 01:08:21.281,1.44795,1.44822,1.88,2.07
2013.08.19 01:08:22.081,1.44795,1.44822,1.88,2.07
2013.08.19 01:08:25.622,1.44793,1.44822,2.07,1.13
2013.08.19 01:08:25.684,1.44798,1.44823,1.50,1.69
2013.08.19 01:08:25.755,1.44796,1.44827,1.32,2.07
2013.08.19 01:08:27.051,1.44796,1.44825,1.13,2.44
2013.08.19 01:08:27.665,1.44793,1.44821,1.69,1.32
2013.08.19 01:08:27.972,1.44793,1.44822,1.69,3.19
2013.08.19 01:08:28.092,1.44793,1.44822,1.50,3.19
2013.08.19 01:08:29.141,1.44793,1.44822,1.69,1.32
2013.08.19 01:08:29.202,1.44798,1.44822,1.50,1.32
2013.08.19 01:08:30.242,1.44798,1.44822,1.50,1.32
2013.08.19 01:08:45.681,1.44798,1.4483,1.69,1.69
2013.08.19 01:08:46.821,1.44803,1.44829,1.50,1.69
2013.08.19 01:08:48.402,1.44803,1.44829,1.50,1.69
2013.08.19 01:08:49.271,1.44803,1.44828,1.50,1.69
2013.08.19 01:08:50.392,1.44803,1.44829,1.50,1.69
2013.08.19 01:08:52.823,1.44803,1.4483,1.50,1.69
2013.08.19 01:08:54.791,1.44803,1.44829,1.50,1.69
2013.08.19 01:08:57.781,1.44798,1.44829,1.69,2.44
2013.08.19 01:08:59.791,1.44803,1.44831,1.50,2.07
2013.08.19 01:09:00.832,1.44803,1.44829,1.50,1.69
2013.08.19 01:09:02.064,1.44805,1.44829,1.50,1.69
2013.08.19 01:09:04.885,1.44805,1.44831,1.50,2.44
2013.08.19 01:09:09.114,1.44803,1.44831,1.50,2.44
2013.08.19 01:09:09.914,1.448,1.44827,1.50,1.32
2013.08.19 01:09:10.223,1.44797,1.44819,1.50,2.07
2013.08.19 01:09:10.481,1.44793,1.44816,1.13,1.69
2013.08.19 01:09:10.556,1.44786,1.44815,1.32,2.44
2013.08.19 01:09:10.928,1.44777,1.44804,1.50,1.32
2013.08.19 01:09:11.478,1.44775,1.44802,1.13,1.69
2013.08.19 01:09:11.814,1.44775,1.44803,1.13,1.69
2013.08.19 01:09:12.294,1.44775,1.4481,1.32,1.69
2013.08.19 01:09:13.030,1.44784,1.44807,1.50,1.69
2013.08.19 01:09:13.558,1.44771,1.44803,1.69,1.69
2013.08.19 01:09:13.923,1.44783,1.44811,1.88,1.13
2013.08.19 01:09:14.982,1.44787,1.44815,1.50,2.07
2013.08.19 01:09:15.229,1.44787,1.44811,1.50,1.50
2013.08.19 01:09:15.295,1.44787,1.44811,1.50,1.69
2013.08.19 01:09:15.364,1.44787,1.44816,1.50,1.69
2013.08.19 01:09:15.553,1.44787,1.44815,1.50,1.32
2013.08.19 01:09:16.092,1.44786,1.44817,1.69,1.69
2013.08.19 01:09:16.393,1.44787,1.4482,2.44,1.69
2013.08.19 01:09:16.513,1.44792,1.4482,1.32,1.69
2013.08.19 01:09:16.632,1.44792,1.4482,1.32,1.69
2013.08.19 01:09:16.872,1.44788,1.44824,1.69,1.69
2013.08.19 01:09:17.492,1.44791,1.44824,1.69,1.69
2013.08.19 01:09:18.312,1.44796,1.44822,1.50,1.69
2013.08.19 01:09:18.972,1.44796,1.4482,1.50,1.69
2013.08.19 01:09:19.402,1.44796,1.44817,1.50,1.69
2013.08.19 01:09:19.642,1.44792,1.44817,1.50,1.69
2013.08.19 01:09:20.002,1.44792,1.44813,1.50,2.44
2013.08.19 01:09:20.122,1.44783,1.44813,1.69,2.44
2013.08.19 01:09:20.423,1.44792,1.44813,1.13,2.44
2013.08.19 01:09:21.063,1.44789,1.44813,1.50,3.19
2013.08.19 01:09:21.932,1.44796,1.44819,1.88,1.69
2013.08.19 01:09:22.173,1.44796,1.4482,1.88,2.44
2013.08.19 01:09:22.294,1.44796,1.4482,1.88,1.69
2013.08.19 01:09:22.422,1.44796,1.44819,1.88,1.50
2013.08.19 01:09:22.663,1.44796,1.44819,1.88,1.50
2013.08.19 01:09:22.722,1.44796,1.44824,1.88,2.44
2013.08.19 01:09:23.206,1.44796,1.44824,1.88,1.69
2013.08.19 01:09:23.512,1.44802,1.44829,1.13,3.19
2013.08.19 01:09:23.872,1.44802,1.44829,1.13,1.69
2013.08.19 01:09:24.352,1.44802,1.44825,1.13,1.69
2013.08.19 01:09:24.472,1.44802,1.44824,1.13,1.69
2013.08.19 01:09:27.901,1.44799,1.44821,1.50,1.69
2013.08.19 01:09:29.012,1.44799,1.44821,1.50,1.69
2013.08.19 01:09:29.312,1.44799,1.44821,1.50,1.69
2013.08.19 01:09:29.626,1.44799,1.44821,1.50,1.50
2013.08.19 01:09:30.411,1.44799,1.44822,1.50,2.44
2013.08.19 01:09:30.742,1.44799,1.44821,1.50,1.69
2013.08.19 01:09:31.271,1.44799,1.44818,1.50,2.44
2013.08.19 01:09:31.702,1.44799,1.44817,1.50,1.69
2013.08.19 01:09:33.098,1.44799,1.44817,1.50,1.69
2013.08.19 01:09:34.161,1.44799,1.44817,1.50,1.69
2013.08.19 01:09:35.971,1.44799,1.44818,1.50,2.44
2013.08.19 01:09:36.332,1.44795,1.4482,1.88,1.69
2013.08.19 01:09:40.659,1.44795,1.44817,1.13,1.69
2013.08.19 01:09:40.724,1.44795,1.44814,1.13,1.50
2013.08.19 01:09:41.272,1.44794,1.44814,1.13,2.44
2013.08.19 01:09:41.698,1.44788,1.44814,1.88,2.44
2013.08.19 01:09:42.283,1.44788,1.44813,1.88,1.69
2013.08.19 01:09:43.291,1.44783,1.4481,1.50,2.07
2013.08.19 01:09:45.513,1.44783,1.4481,1.50,1.69
2013.08.19 01:09:45.850,1.4479,1.44813,1.13,1.69
2013.08.19 01:09:45.917,1.4479,1.44817,1.13,1.69
2013.08.19 01:09:47.133,1.44789,1.44817,1.13,2.44
2013.08.19 01:09:47.313,1.44789,1.44811,1.13,1.69
2013.08.19 01:09:47.921,1.44789,1.44811,1.13,2.44
2013.08.19 01:09:48.611,1.44785,1.44811,1.13,2.44
2013.08.19 01:09:49.831,1.44785,1.44811,1.13,1.69
2013.08.19 01:09:51.032,1.44785,1.44811,1.13,1.69
2013.08.19 01:09:51.151,1.44785,1.4481,1.13,1.69
2013.08.19 01:09:52.141,1.4478,1.44808,1.13,1.69
2013.08.19 01:09:56.343,1.44779,1.44806,1.13,1.69
2013.08.19 01:09:56.403,1.44778,1.44804,1.50,2.44
2013.08.19 01:09:56.473,1.44778,1.44804,1.50,2.25
2013.08.19 01:09:56.662,1.44774,1.44803,1.13,1.32
2013.08.19 01:09:56.902,1.44774,1.44803,1.13,1.32
2013.08.19 01:09:57.683,1.44774,1.44797,1.13,2.07
2013.08.19 01:09:58.202,1.44767,1.44798,2.63,1.69
2013.08.19 01:09:58.721,1.44773,1.44798,1.50,2.44
2013.08.19 01:09:58.893,1.44773,1.44798,1.50,1.69
2013.08.19 01:09:59.541,1.44773,1.44798,1.50,1.32
2013.08.19 01:09:59.813,1.44774,1.44799,1.50,1.69
2013.08.19 01:09:59.885,1.44773,1.44799,1.69,1.50
2013.08.19 01:10:00.074,1.44774,1.44798,1.50,1.50
2013.08.19 01:10:00.321,1.44778,1.44799,1.13,1.50
2013.08.19 01:10:00.442,1.44778,1.44803,1.13,1.50
2013.08.19 01:10:02.182,1.4478,1.44809,2.07,1.13
2013.08.19 01:10:02.491,1.44783,1.44812,1.32,1.69
2013.08.19 01:10:03.544,1.44783,1.44814,2.07,1.69
2013.08.19 01:10:03.733,1.4479,1.44815,1.13,1.69
2013.08.19 01:10:04.033,1.4479,1.44815,1.32,1.50
2013.08.19 01:10:04.153,1.44785,1.44815,1.69,1.50
2013.08.19 01:10:04.332,1.44783,1.44814,1.88,1.50
2013.08.19 01:10:04.393,1.44783,1.44812,1.88,1.32
2013.08.19 01:10:04.752,1.44783,1.44807,1.50,1.32
2013.08.19 01:10:04.813,1.44783,1.44807,1.50,1.32
2013.08.19 01:10:04.931,1.44783,1.44807,1.50,1.32
2013.08.19 01:10:05.232,1.44783,1.44807,1.50,1.32
2013.08.19 01:10:05.351,1.44783,1.44807,1.50,1.32
2013.08.19 01:10:05.843,1.44783,1.44804,1.50,1.32
2013.08.19 01:10:06.231,1.44783,1.44804,1.50,1.32
2013.08.19 01:10:06.532,1.44783,1.44806,1.50,2.07
2013.08.19 01:10:06.936,1.44788,1.44806,1.50,1.32
2013.08.19 01:10:07.475,1.44783,1.44807,1.50,1.69
2013.08.19 01:10:08.252,1.44783,1.44807,1.50,1.69
2013.08.19 01:10:09.971,1.44783,1.44807,1.50,1.69
2013.08.19 01:10:10.512,1.44788,1.44807,1.50,1.69
2013.08.19 01:10:11.052,1.44783,1.44805,1.50,1.32
2013.08.19 01:10:12.607,1.44783,1.44804,1.50,1.50
2013.08.19 01:10:18.531,1.44788,1.44808,1.50,1.69
2013.08.19 01:10:19.081,1.44788,1.44808,1.50,1.69
2013.08.19 01:10:19.988,1.44788,1.44808,1.50,1.69
2013.08.19 01:10:20.673,1.44788,1.44807,1.50,1.69
2013.08.19 01:10:21.057,1.44788,1.44804,1.50,1.69
2013.08.19 01:10:22.232,1.44788,1.44804,1.50,1.50
2013.08.19 01:10:23.783,1.44788,1.44807,1.50,1.69
2013.08.19 01:10:23.843,1.44788,1.44808,1.50,1.69
2013.08.19 01:10:24.818,1.44788,1.44813,1.50,1.69
2013.08.19 01:10:25.861,1.44788,1.44814,1.50,1.69
2013.08.19 01:10:26.763,1.44788,1.44815,1.50,1.69
2013.08.19 01:10:27.092,1.44788,1.44815,1.50,1.69
2013.08.19 01:10:27.152,1.44788,1.44812,1.50,1.69
2013.08.19 01:10:28.732,1.44788,1.44812,1.50,2.44
2013.08.19 01:10:28.912,1.44788,1.44812,1.50,2.44
2013.08.19 01:10:31.053,1.44788,1.44812,1.50,2.44
2013.08.19 01:10:32.202,1.44788,1.44812,1.50,2.44
2013.08.19 01:10:33.153,1.44788,1.44811,1.50,1.69
2013.08.19 01:10:33.993,1.44788,1.44811,1.50,1.69
2013.08.19 01:10:34.302,1.44788,1.4481,1.50,3.19
2013.08.19 01:10:35.282,1.44788,1.44807,1.50,2.44
2013.08.19 01:10:35.522,1.44788,1.44812,1.50,1.69
2013.08.19 01:10:35.983,1.44788,1.44813,1.50,1.32
2013.08.19 01:10:36.101,1.44788,1.44813,1.50,2.07
2013.08.19 01:10:37.952,1.44788,1.44812,1.50,1.69
2013.08.19 01:10:39.822,1.44788,1.44813,1.50,2.07
2013.08.19 01:10:40.660,1.44788,1.44813,1.50,1.69
2013.08.19 01:10:40.727,1.44788,1.44815,1.50,1.69
2013.08.19 01:10:41.262,1.44793,1.44819,1.88,1.69
2013.08.19 01:10:42.683,1.44788,1.44815,1.50,1.50
2013.08.19 01:10:43.332,1.44788,1.44815,1.50,1.50
2013.08.19 01:10:45.014,1.44788,1.44819,1.50,1.69
2013.08.19 01:10:45.203,1.44788,1.44819,1.50,1.69
2013.08.19 01:10:45.264,1.44788,1.44819,1.50,1.69
2013.08.19 01:10:55.060,1.44791,1.4482,1.69,1.13
2013.08.19 01:10:56.632,1.44793,1.4482,1.13,1.13
2013.08.19 01:11:00.902,1.44793,1.4482,1.32,1.13
2013.08.19 01:11:01.473,1.44793,1.4482,2.07,1.13
2013.08.19 01:11:04.442,1.44793,1.4482,1.32,1.13
2013.08.19 01:11:10.071,1.44791,1.44818,1.13,1.13
2013.08.19 01:11:11.801,1.44786,1.44814,1.13,1.69
2013.08.19 01:11:14.322,1.44788,1.44812,1.50,1.13
2013.08.19 01:11:14.562,1.44788,1.44814,1.50,2.44
2013.08.19 01:11:15.101,1.44788,1.44818,1.50,2.44
2013.08.19 01:11:21.315,1.44788,1.44812,1.50,1.50
2013.08.19 01:11:23.891,1.44788,1.44812,1.50,1.50
2013.08.19 01:11:23.951,1.44788,1.44812,1.50,2.25
2013.08.19 01:11:24.192,1.4478,1.44807,1.32,1.50
2013.08.19 01:11:24.253,1.4478,1.44811,1.32,1.69
2013.08.19 01:11:24.312,1.4478,1.44811,1.13,1.69
2013.08.19 01:11:24.433,1.4478,1.44812,1.13,2.44
2013.08.19 01:11:24.553,1.4478,1.44809,1.13,1.32
2013.08.19 01:11:24.913,1.44775,1.44807,1.13,1.69
2013.08.19 01:11:28.742,1.44769,1.44802,1.13,2.44
2013.08.19 01:11:28.991,1.44768,1.44801,1.13,1.69
2013.08.19 01:11:30.432,1.44769,1.44802,1.13,2.44
2013.08.19 01:11:38.233,1.44769,1.44804,1.13,2.07
2013.08.19 01:11:38.762,1.4477,1.44802,1.50,1.32
2013.08.19 01:11:48.972,1.44771,1.44802,1.32,1.32
2013.08.19 01:11:49.481,1.44771,1.44802,1.13,1.32
2013.08.19 01:11:51.005,1.44773,1.44802,1.13,1.32
2013.08.19 01:11:54.117,1.44773,1.44802,1.50,1.13
2013.08.19 01:11:55.132,1.4477,1.448,1.50,1.69
2013.08.19 01:11:58.904,1.4477,1.44802,1.13,1.32
2013.08.19 01:11:59.153,1.44772,1.44801,1.50,1.50
2013.08.19 01:11:59.451,1.44778,1.44807,1.50,1.32
2013.08.19 01:12:00.123,1.44778,1.4481,1.50,1.69
2013.08.19 01:12:00.782,1.44778,1.4481,1.50,2.44
2013.08.19 01:12:01.232,1.44779,1.4481,1.13,2.44
2013.08.19 01:12:16.000,1.44775,1.44807,1.13,1.69
2013.08.19 01:12:17.834,1.44774,1.44809,1.13,1.69
2013.08.19 01:12:25.840,1.44773,1.44805,1.88,1.69
2013.08.19 01:12:26.373,1.44776,1.44803,1.50,1.69
2013.08.19 01:12:26.552,1.44778,1.44807,1.50,1.69
2013.08.19 01:12:29.413,1.44776,1.44803,1.88,1.69
2013.08.19 01:12:30.412,1.44776,1.44805,1.88,1.69
2013.08.19 01:12:31.411,1.44776,1.44803,1.50,1.69
2013.08.19 01:12:32.881,1.44776,1.44803,1.50,1.69
2013.08.19 01:12:33.283,1.44776,1.44805,1.50,1.69
2013.08.19 01:12:35.585,1.44776,1.44805,1.50,1.69
2013.08.19 01:12:37.931,1.44776,1.44807,1.50,1.69
2013.08.19 01:12:43.032,1.44776,1.44804,1.50,1.69
2013.08.19 01:12:43.648,1.44776,1.44806,1.50,1.69
2013.08.19 01:12:46.111,1.44774,1.44807,1.13,1.69
2013.08.19 01:12:54.272,1.44773,1.44804,1.13,1.69
2013.08.19 01:12:56.083,1.44773,1.44804,1.13,1.69
2013.08.19 01:12:58.979,1.44775,1.44803,1.13,1.69
2013.08.19 01:12:59.293,1.44775,1.44809,1.13,1.69
2013.08.19 01:12:59.905,1.44779,1.44807,1.50,1.69
2013.08.19 01:13:00.035,1.44778,1.44806,1.50,1.69
2013.08.19 01:13:00.162,1.44779,1.44803,1.50,1.69
2013.08.19 01:13:00.406,1.44778,1.44803,1.50,1.69
2013.08.19 01:13:01.271,1.4477,1.44804,1.50,2.07
2013.08.19 01:13:02.543,1.4477,1.44804,1.50,2.07
2013.08.19 01:13:02.914,1.4477,1.44804,1.50,1.88
2013.08.19 01:13:04.782,1.4477,1.44804,1.50,1.69
2013.08.19 01:13:05.334,1.4477,1.44804,1.50,2.44
2013.08.19 01:13:05.824,1.4477,1.44804,1.50,2.44
2013.08.19 01:13:06.538,1.4477,1.44804,1.50,1.69
2013.08.19 01:13:06.992,1.44773,1.44803,1.50,2.44
2013.08.19 01:13:07.352,1.44771,1.44799,1.50,2.07
2013.08.19 01:13:07.532,1.44765,1.44799,1.50,2.07
2013.08.19 01:13:08.612,1.44765,1.44797,1.50,1.69
2013.08.19 01:13:09.562,1.44769,1.44796,1.50,1.69
2013.08.19 01:13:10.102,1.44769,1.448,1.50,1.69
2013.08.19 01:13:11.042,1.44769,1.448,1.50,1.69
2013.08.19 01:13:11.342,1.44769,1.448,1.50,1.69
2013.08.19 01:13:16.757,1.44769,1.44795,1.50,1.69
2013.08.19 01:13:19.713,1.44769,1.44796,1.50,2.44
2013.08.19 01:13:20.252,1.44769,1.448,1.50,1.69
2013.08.19 01:13:21.573,1.44769,1.448,1.50,1.69
2013.08.19 01:13:21.634,1.44769,1.448,1.50,1.69
2013.08.19 01:13:21.765,1.44773,1.44803,1.50,1.69
2013.08.19 01:13:21.895,1.44773,1.44807,2.25,1.32
2013.08.19 01:13:23.059,1.44778,1.44807,1.50,2.07
2013.08.19 01:13:24.872,1.44778,1.44804,1.50,2.07
2013.08.19 01:13:32.894,1.44778,1.44802,1.50,1.69
2013.08.19 01:13:36.003,1.44778,1.44802,1.50,1.69
2013.08.19 01:13:38.922,1.44778,1.44801,1.50,1.69
2013.08.19 01:13:40.062,1.44778,1.44801,1.50,1.69
2013.08.19 01:13:40.915,1.44778,1.44807,1.50,2.07
2013.08.19 01:13:41.464,1.44779,1.44809,1.50,1.32
2013.08.19 01:13:42.402,1.44783,1.44809,1.50,2.07
2013.08.19 01:13:45.374,1.44783,1.44808,1.50,1.69
2013.08.19 01:13:46.737,1.44783,1.44808,1.50,1.69
2013.08.19 01:13:48.143,1.44783,1.44808,1.50,1.69
2013.08.19 01:13:52.122,1.44774,1.44807,1.50,1.69
2013.08.19 01:13:52.482,1.44776,1.44805,1.50,1.32
2013.08.19 01:13:54.865,1.4478,1.44804,1.50,2.44
2013.08.19 01:13:55.374,1.4478,1.44802,1.50,1.69
2013.08.19 01:13:57.094,1.4478,1.44803,1.50,2.07
2013.08.19 01:14:00.742,1.4478,1.44802,1.50,1.69
2013.08.19 01:14:03.263,1.4478,1.44802,1.50,1.69
2013.08.19 01:14:03.742,1.4477,1.44796,1.50,1.69
2013.08.19 01:14:03.922,1.4477,1.44796,1.50,2.44
2013.08.19 01:14:04.163,1.44765,1.44796,2.25,2.44
2013.08.19 01:14:04.522,1.44762,1.44797,1.13,1.69
2013.08.19 01:14:04.582,1.44762,1.448,2.07,1.69
2013.08.19 01:14:05.182,1.44765,1.44798,1.69,2.44
2013.08.19 01:14:05.601,1.44765,1.44798,3.19,2.82
2013.08.19 01:14:05.962,1.44771,1.44795,1.50,1.50
2013.08.19 01:14:06.323,1.44771,1.44797,1.50,1.32
2013.08.19 01:14:06.383,1.44771,1.44797,1.50,1.32
2013.08.19 01:14:06.864,1.44769,1.44797,1.69,1.32
2013.08.19 01:14:07.343,1.44769,1.44797,1.69,1.32
2013.08.19 01:14:07.643,1.44769,1.44797,1.69,1.32
2013.08.19 01:14:09.343,1.44769,1.44798,1.69,2.07
2013.08.19 01:14:09.694,1.44769,1.44798,1.69,2.07
2013.08.19 01:14:09.770,1.44769,1.44799,1.69,1.32
2013.08.19 01:14:09.837,1.44771,1.44801,1.69,1.13
2013.08.19 01:14:09.903,1.44774,1.44807,1.13,1.69
2013.08.19 01:14:10.082,1.44774,1.44808,1.13,2.07
2013.08.19 01:14:10.383,1.44774,1.44807,1.69,2.44
2013.08.19 01:14:10.682,1.44774,1.44807,1.69,3.57
2013.08.19 01:14:10.923,1.44774,1.44806,1.69,1.32
2013.08.19 01:14:11.104,1.44773,1.44806,1.69,1.69
2013.08.19 01:14:11.656,1.44777,1.44802,1.50,1.32
2013.08.19 01:14:13.072,1.44777,1.44806,1.50,2.07
2013.08.19 01:14:13.194,1.44777,1.44806,1.50,2.07
2013.08.19 01:14:52.162,1.44777,1.44809,1.69,2.07
2013.08.19 01:14:53.163,1.44781,1.44811,1.69,1.69
2013.08.19 01:14:53.282,1.44788,1.44811,1.32,1.13
2013.08.19 01:14:53.822,1.44788,1.44815,1.13,1.13
2013.08.19 01:14:54.622,1.44788,1.44815,1.13,1.13
2013.08.19 01:14:54.682,1.44788,1.44815,1.13,1.13
2013.08.19 01:14:59.513,1.44786,1.44816,1.69,1.32
2013.08.19 01:15:03.225,1.44783,1.44815,1.88,1.13
2013.08.19 01:15:03.354,1.44786,1.44815,1.69,1.13
2013.08.19 01:15:03.655,1.44786,1.44815,1.69,1.13
2013.08.19 01:15:05.643,1.44786,1.44815,1.69,1.13
2013.08.19 01:15:11.428,1.44782,1.44807,2.07,1.50
2013.08.19 01:15:11.674,1.44775,1.44808,1.69,1.32
2013.08.19 01:15:12.294,1.44772,1.44807,1.69,1.32
2013.08.19 01:15:12.884,1.44772,1.44807,2.44,1.32
2013.08.19 01:15:13.202,1.44776,1.44807,1.69,1.32
2013.08.19 01:15:39.722,1.4479,1.44813,1.13,1.50
2013.08.19 01:15:40.022,1.44791,1.4482,1.13,1.50
2013.08.19 01:15:40.262,1.44791,1.44816,1.13,1.50
2013.08.19 01:15:40.623,1.44785,1.44814,1.13,1.13
2013.08.19 01:15:40.683,1.44785,1.44814,1.13,1.13
2013.08.19 01:15:41.792,1.44787,1.44814,1.13,1.13
2013.08.19 01:15:41.913,1.44787,1.44814,1.13,1.13
2013.08.19 01:15:42.154,1.44787,1.44817,1.13,1.13
2013.08.19 01:15:42.793,1.44787,1.44823,1.13,1.13
2013.08.19 01:15:43.876,1.44789,1.44823,1.50,1.13
2013.08.19 01:16:02.723,1.44792,1.44822,1.13,2.07
2013.08.19 01:16:02.784,1.44792,1.44822,1.13,2.07
2013.08.19 01:16:03.622,1.44792,1.44818,1.13,1.88
2013.08.19 01:16:03.862,1.44792,1.44818,1.13,1.50
2013.08.19 01:16:04.803,1.44792,1.44815,1.13,1.50
2013.08.19 01:16:05.113,1.44783,1.44818,1.69,3.57
2013.08.19 01:16:08.733,1.44791,1.44815,1.32,1.13
2013.08.19 01:16:09.032,1.44791,1.44815,1.13,1.13
2013.08.19 01:16:09.272,1.44791,1.44815,1.13,1.13
2013.08.19 01:16:09.513,1.44791,1.44811,1.13,1.13
2013.08.19 01:16:09.693,1.44791,1.44811,1.13,1.13
2013.08.19 01:16:10.482,1.44784,1.44809,1.32,1.50
2013.08.19 01:16:10.682,1.44784,1.44808,1.32,1.13
2013.08.19 01:16:10.911,1.44784,1.4481,1.32,1.50
2013.08.19 01:16:15.323,1.44786,1.4481,1.13,1.13
2013.08.19 01:16:18.434,1.44791,1.44809,1.13,1.13
2013.08.19 01:16:25.323,1.44788,1.44804,1.13,1.50
2013.08.19 01:16:25.682,1.44778,1.44804,1.50,1.50
2013.08.19 01:16:25.982,1.44777,1.44804,1.50,2.25
2013.08.19 01:16:28.014,1.44785,1.44803,1.13,1.13
2013.08.19 01:16:29.003,1.44785,1.44804,1.13,1.13
2013.08.19 01:16:29.122,1.44785,1.44804,1.13,1.13
2013.08.19 01:16:29.302,1.44785,1.44803,1.13,1.13
2013.08.19 01:16:29.662,1.44784,1.44799,1.13,1.13
2013.08.19 01:16:29.873,1.44785,1.44802,1.13,1.50
2013.08.19 01:16:30.228,1.44784,1.44799,1.13,1.13
2013.08.19 01:16:33.602,1.44785,1.44799,1.13,1.13
2013.08.19 01:16:34.024,1.44785,1.44804,1.13,1.13
2013.08.19 01:16:34.262,1.44785,1.44806,1.13,1.28
2013.08.19 01:16:34.322,1.44785,1.44808,1.13,1.28
2013.08.19 01:16:34.382,1.44785,1.44808,1.13,1.20
2013.08.19 01:16:34.562,1.44785,1.44808,1.13,1.58
2013.08.19 01:16:37.293,1.44784,1.448,1.13,1.13
2013.08.19 01:16:37.533,1.44787,1.44803,1.13,1.50
2013.08.19 01:16:37.774,1.44789,1.44804,1.13,1.50
2013.08.19 01:16:37.902,1.44789,1.44807,1.13,1.13
2013.08.19 01:16:38.143,1.44789,1.44815,1.13,1.50
2013.08.19 01:16:38.505,1.44789,1.44814,1.13,1.50
2013.08.19 01:16:39.052,1.44789,1.44812,1.13,2.25
2013.08.19 01:16:39.382,1.44789,1.44811,1.13,1.50
2013.08.19 01:16:40.344,1.44789,1.44811,1.13,1.50
2013.08.19 01:16:41.652,1.44787,1.44806,1.13,1.69
2013.08.19 01:16:42.812,1.44785,1.44803,1.13,1.69
2013.08.19 01:16:48.003,1.44789,1.44808,1.13,1.13
2013.08.19 01:16:49.082,1.44788,1.44806,1.13,1.13
2013.08.19 01:16:50.732,1.44787,1.44807,1.13,1.13
2013.08.19 01:16:52.345,1.44787,1.44806,1.13,1.13
2013.08.19 01:16:52.883,1.44783,1.44813,1.32,1.50
2013.08.19 01:16:53.003,1.44783,1.44812,1.13,1.13
2013.08.19 01:16:53.182,1.44783,1.44811,1.13,1.50
2013.08.19 01:16:53.542,1.44783,1.44808,1.13,1.13
2013.08.19 01:16:54.082,1.44778,1.44808,1.13,1.13
2013.08.19 01:16:54.753,1.44778,1.44808,1.13,1.88
2013.08.19 01:16:54.872,1.44778,1.44808,1.13,1.88
2013.08.19 01:16:54.993,1.44778,1.44805,1.13,1.13
2013.08.19 01:16:55.252,1.44778,1.44805,1.13,1.13
2013.08.19 01:16:55.432,1.44778,1.44807,1.13,1.50
2013.08.19 01:16:55.795,1.44778,1.44805,1.13,1.88
2013.08.19 01:16:56.652,1.44778,1.44804,1.32,1.13
2013.08.19 01:16:57.922,1.44781,1.44807,1.13,1.13
2013.08.19 01:17:00.686,1.44778,1.44807,1.32,1.88
2013.08.19 01:17:28.412,1.44775,1.44802,1.50,2.44
2013.08.19 01:17:31.110,1.44775,1.44801,1.50,1.69
2013.08.19 01:17:32.773,1.44775,1.448,1.50,1.69
2013.08.19 01:17:33.042,1.44775,1.44802,1.50,1.69
2013.08.19 01:17:43.602,1.44775,1.448,1.50,1.69
2013.08.19 01:17:45.013,1.44775,1.44802,1.50,2.44
2013.08.19 01:17:47.269,1.44775,1.44801,1.50,1.69
2013.08.19 01:17:48.514,1.44775,1.44801,1.50,1.69
2013.08.19 01:17:50.493,1.44775,1.448,1.50,1.69
2013.08.19 01:17:51.723,1.44775,1.44801,1.50,1.69
2013.08.19 01:17:53.200,1.44775,1.44799,1.50,1.32
2013.08.19 01:17:57.563,1.44775,1.44801,1.50,1.69
2013.08.19 01:17:57.744,1.44767,1.44796,1.69,1.32
2013.08.19 01:17:57.925,1.44767,1.44796,1.69,2.82
2013.08.19 01:17:57.994,1.44767,1.44796,1.69,2.44
2013.08.19 01:17:58.053,1.44766,1.44796,1.50,2.82
2013.08.19 01:17:58.114,1.44771,1.44794,1.50,1.32
2013.08.19 01:17:58.174,1.44768,1.44794,1.50,1.32
2013.08.19 01:17:58.295,1.44763,1.44791,1.50,1.32
2013.08.19 01:17:58.483,1.44763,1.44795,1.50,1.32
2013.08.19 01:17:58.724,1.44761,1.44795,1.50,1.32
2013.08.19 01:17:58.784,1.44761,1.44795,1.50,1.32
2013.08.19 01:17:59.094,1.44761,1.44792,1.50,1.13
2013.08.19 01:17:59.403,1.44764,1.44792,1.50,1.88
2013.08.19 01:17:59.583,1.44758,1.44792,1.50,1.13
2013.08.19 01:17:59.718,1.44764,1.44792,1.50,1.13
2013.08.19 01:18:00.092,1.44757,1.44791,1.13,1.13
2013.08.19 01:18:00.538,1.44761,1.44791,1.50,1.13
2013.08.19 01:18:00.843,1.44759,1.44791,1.13,1.13
2013.08.19 01:18:01.023,1.44762,1.44791,1.50,1.13
2013.08.19 01:18:01.383,1.44762,1.44786,1.50,1.13
2013.08.19 01:18:01.443,1.44762,1.44787,1.50,1.13
2013.08.19 01:18:01.502,1.44762,1.44787,1.50,1.13
2013.08.19 01:18:01.882,1.44762,1.44786,1.50,1.13
2013.08.19 01:18:03.722,1.44762,1.44786,1.50,1.13
2013.08.19 01:18:04.534,1.44762,1.44786,1.50,1.13
2013.08.19 01:18:12.133,1.44762,1.44786,1.69,1.13
2013.08.19 01:18:12.962,1.44758,1.44783,1.50,1.32
2013.08.19 01:18:13.632,1.44758,1.44782,1.50,1.13
2013.08.19 01:18:14.187,1.44758,1.44784,1.50,1.32
2013.08.19 01:18:14.733,1.44758,1.44784,1.50,1.32
2013.08.19 01:18:15.092,1.44758,1.44782,1.50,1.13
2013.08.19 01:18:15.663,1.44757,1.44782,1.50,1.50
2013.08.19 01:18:15.724,1.44758,1.44782,1.50,1.50
2013.08.19 01:18:15.782,1.44757,1.44782,1.50,1.50
2013.08.19 01:18:15.983,1.44758,1.44781,1.50,1.69
2013.08.19 01:18:18.744,1.44758,1.44778,1.50,1.32
2013.08.19 01:18:19.339,1.44758,1.4478,1.50,1.69
2013.08.19 01:18:19.677,1.44753,1.44782,1.88,2.44
2013.08.19 01:18:19.754,1.44753,1.44777,1.13,1.13
2013.08.19 01:18:19.873,1.44753,1.44779,1.13,1.69
2013.08.19 01:18:19.948,1.44753,1.44782,1.13,2.44
2013.08.19 01:18:20.091,1.44753,1.44782,1.13,2.44
2013.08.19 01:18:20.283,1.44753,1.44779,1.88,1.13
2013.08.19 01:18:20.464,1.44753,1.4478,1.13,1.13
2013.08.19 01:18:20.525,1.44753,1.4478,1.13,1.13
2013.08.19 01:18:20.773,1.44753,1.44779,1.88,1.13
2013.08.19 01:18:21.073,1.44753,1.44782,1.88,1.32
2013.08.19 01:18:21.323,1.44753,1.44779,2.63,1.13
2013.08.19 01:18:21.885,1.44753,1.44779,1.13,1.13
2013.08.19 01:18:23.604,1.4475,1.44779,1.88,1.32
2013.08.19 01:18:31.923,1.4475,1.44778,2.07,1.50
2013.08.19 01:18:35.013,1.4475,1.44774,2.07,1.50
2013.08.19 01:18:35.553,1.4475,1.44775,1.50,1.50
2013.08.19 01:18:43.342,1.4475,1.44782,2.07,2.82
2013.08.19 01:18:43.713,1.4475,1.44782,2.07,3.57
2013.08.19 01:18:46.002,1.4475,1.44782,1.69,2.44
2013.08.19 01:18:46.292,1.4475,1.44782,1.69,3.57
2013.08.19 01:18:48.293,1.4475,1.44779,1.69,1.32
2013.08.19 01:18:49.223,1.4475,1.44782,1.69,3.57
2013.08.19 01:18:51.043,1.4475,1.44782,2.44,2.82
2013.08.19 01:18:53.702,1.4475,1.44779,2.07,1.69
2013.08.19 01:19:01.280,1.44752,1.44777,1.13,1.13
2013.08.19 01:19:05.144,1.4475,1.44776,1.50,1.69
2013.08.19 01:19:05.443,1.44744,1.44777,1.13,2.44
2013.08.19 01:19:06.056,1.44746,1.44777,1.50,2.44
2013.08.19 01:19:09.274,1.44746,1.44776,1.50,1.32
2013.08.19 01:19:09.874,1.44746,1.44776,1.50,1.32
2013.08.19 01:19:25.824,1.44743,1.44772,1.69,1.50
2013.08.19 01:19:31.481,1.44743,1.44772,1.50,1.69
2013.08.19 01:19:32.620,1.44743,1.44772,1.69,1.69
2013.08.19 01:19:35.523,1.44741,1.4477,1.69,1.50
2013.08.19 01:19:35.652,1.44738,1.4477,1.88,1.50
2013.08.19 01:19:35.772,1.44743,1.44772,1.50,1.50
2013.08.19 01:19:38.000,1.44743,1.44772,1.50,1.69
2013.08.19 01:19:40.252,1.44743,1.44772,1.50,1.69
2013.08.19 01:19:41.105,1.44738,1.4477,1.88,1.69
2013.08.19 01:19:44.083,1.44743,1.44772,1.50,1.69
2013.08.19 01:19:53.862,1.44736,1.44769,2.07,1.50
2013.08.19 01:19:54.692,1.44736,1.44764,1.88,1.50
2013.08.19 01:19:55.192,1.44735,1.44766,1.50,2.07
2013.08.19 01:19:55.431,1.44732,1.44766,1.69,2.07
2013.08.19 01:19:55.492,1.44732,1.44766,1.69,1.32
2013.08.19 01:19:55.551,1.44733,1.44768,2.44,2.82
2013.08.19 01:19:55.733,1.44735,1.44766,1.69,1.32
2013.08.19 01:19:56.341,1.4474,1.44771,1.50,1.13
2013.08.19 01:20:00.322,1.44738,1.44771,1.50,1.13
2013.08.19 01:20:09.421,1.44738,1.44773,1.69,1.50
2013.08.19 01:20:09.905,1.44739,1.44773,1.69,1.69
2013.08.19 01:20:11.440,1.44738,1.44773,2.44,1.69
2013.08.19 01:20:13.591,1.44738,1.44767,3.57,1.88
2013.08.19 01:20:13.655,1.44735,1.44767,1.69,1.69
2013.08.19 01:20:14.370,1.44731,1.44767,1.69,2.44
2013.08.19 01:20:14.671,1.44733,1.44767,1.69,2.44
2013.08.19 01:20:14.731,1.44731,1.44767,2.44,3.19
2013.08.19 01:20:16.081,1.44735,1.44762,1.88,1.69
2013.08.19 01:20:17.402,1.44731,1.4476,1.69,1.69
2013.08.19 01:20:19.231,1.44731,1.4476,1.50,1.69
2013.08.19 01:20:20.741,1.44731,1.4476,1.50,1.69
2013.08.19 01:20:22.931,1.44731,1.44761,1.50,1.69
2013.08.19 01:20:24.036,1.44731,1.4476,1.50,3.94
2013.08.19 01:20:24.701,1.44731,1.4476,1.50,2.44
2013.08.19 01:20:25.100,1.44731,1.4476,1.50,1.69
2013.08.19 01:20:25.551,1.44731,1.4476,1.50,2.44
2013.08.19 01:20:26.571,1.44728,1.4476,1.50,1.69
2013.08.19 01:20:30.082,1.44728,1.44759,1.50,2.44
2013.08.19 01:20:31.712,1.44733,1.44757,1.13,2.07
2013.08.19 01:20:31.774,1.44733,1.44754,1.13,2.44
2013.08.19 01:20:32.082,1.44729,1.4475,1.13,2.25
2013.08.19 01:20:32.202,1.44722,1.4475,1.50,2.44
2013.08.19 01:20:33.202,1.44722,1.44753,1.50,2.44
2013.08.19 01:20:38.211,1.44726,1.4475,1.50,1.69
2013.08.19 01:20:39.032,1.44726,1.44757,2.25,2.07
2013.08.19 01:20:39.273,1.44726,1.44757,1.50,2.07
2013.08.19 01:20:39.462,1.44726,1.44757,2.25,1.32
2013.08.19 01:20:41.982,1.44728,1.4476,2.25,1.69
2013.08.19 01:20:42.255,1.44733,1.44764,1.88,2.07
2013.08.19 01:20:42.806,1.44733,1.44768,2.63,2.44
2013.08.19 01:20:43.363,1.44733,1.44767,3.38,1.69
2013.08.19 01:20:43.727,1.44733,1.44764,3.38,2.44
2013.08.19 01:20:44.222,1.44733,1.44764,3.38,3.19
2013.08.19 01:20:46.802,1.44736,1.44761,1.13,2.44
2013.08.19 01:20:47.373,1.44733,1.44762,1.50,2.44
2013.08.19 01:20:49.931,1.44734,1.44763,1.50,2.44
2013.08.19 01:20:50.883,1.44734,1.4476,1.50,2.25
2013.08.19 01:20:51.153,1.44733,1.4476,2.25,2.25
2013.08.19 01:20:51.221,1.44733,1.44756,1.50,2.25
2013.08.19 01:20:51.469,1.44732,1.44756,1.50,2.25
2013.08.19 01:20:52.411,1.44729,1.44753,1.13,2.44
2013.08.19 01:20:53.431,1.4473,1.44754,1.50,1.69
2013.08.19 01:20:55.021,1.4473,1.44756,1.50,1.69
2013.08.19 01:20:59.043,1.44734,1.44759,1.50,1.69
2013.08.19 01:20:59.161,1.4473,1.44759,2.63,1.69
2013.08.19 01:20:59.281,1.44734,1.44761,1.50,1.69
2013.08.19 01:20:59.861,1.44731,1.44761,1.13,1.69
2013.08.19 01:21:03.961,1.4473,1.44755,1.50,1.69
2013.08.19 01:21:08.002,1.4473,1.44754,1.50,1.69
2013.08.19 01:21:08.301,1.4473,1.44756,1.88,2.44
2013.08.19 01:21:12.961,1.44733,1.44759,1.50,1.69
2013.08.19 01:21:15.866,1.44735,1.44758,1.50,1.69
2013.08.19 01:21:17.000,1.44735,1.4476,2.25,2.44
2013.08.19 01:21:17.531,1.44735,1.44761,2.25,2.44
2013.08.19 01:21:18.360,1.44735,1.44762,2.63,1.69
2013.08.19 01:21:26.971,1.44735,1.4477,2.44,2.07
2013.08.19 01:21:27.512,1.44733,1.44767,1.69,1.69
2013.08.19 01:21:29.061,1.44733,1.44766,1.69,1.69
2013.08.19 01:21:36.242,1.44733,1.44769,1.50,1.69
2013.08.19 01:21:40.591,1.44738,1.4477,2.25,1.69
2013.08.19 01:21:40.652,1.44739,1.4477,1.50,1.32
2013.08.19 01:21:43.460,1.44742,1.44773,1.69,1.32
2013.08.19 01:21:43.641,1.44743,1.44774,2.44,2.07
2013.08.19 01:21:43.881,1.44748,1.44778,1.69,1.50
2013.08.19 01:21:43.941,1.44746,1.44781,1.69,2.25
2013.08.19 01:21:44.182,1.44746,1.44781,1.69,1.88
2013.08.19 01:21:44.601,1.44746,1.44778,1.69,1.13
2013.08.19 01:21:46.632,1.44743,1.44778,1.69,1.13
2013.08.19 01:21:47.451,1.44743,1.44774,1.50,1.69
2013.08.19 01:21:47.993,1.44743,1.44776,1.50,1.69
2013.08.19 01:21:59.141,1.44739,1.4477,1.50,1.69
2013.08.19 01:22:02.792,1.44743,1.4477,1.50,1.69
2013.08.19 01:22:05.203,1.44743,1.4477,1.50,1.69
2013.08.19 01:22:06.861,1.44746,1.4477,1.50,1.69
2013.08.19 01:22:07.041,1.44743,1.4477,1.50,1.69
2013.08.19 01:22:07.161,1.44743,1.44774,1.50,1.50
2013.08.19 01:22:13.231,1.44746,1.44771,1.13,1.32
2013.08.19 01:22:13.351,1.44743,1.44771,1.50,1.13
2013.08.19 01:22:17.294,1.44739,1.4477,1.50,1.69
2013.08.19 01:22:19.151,1.44739,1.4477,1.50,3.94
2013.08.19 01:22:20.351,1.44739,1.44767,1.50,1.69
2013.08.19 01:22:20.713,1.44738,1.44764,1.88,2.44
2013.08.19 01:22:21.255,1.44738,1.44767,1.88,2.44
2013.08.19 01:22:24.076,1.44738,1.4477,1.13,1.69
2013.08.19 01:22:24.944,1.44738,1.44768,1.50,2.44
2013.08.19 01:22:25.512,1.44737,1.44766,1.50,2.44
2013.08.19 01:22:26.591,1.44737,1.44764,1.50,2.44
2013.08.19 01:22:32.033,1.44734,1.44764,1.88,3.19
2013.08.19 01:22:32.211,1.44734,1.44767,1.88,1.50
2013.08.19 01:22:35.786,1.44734,1.44766,2.63,1.69
2013.08.19 01:22:40.233,1.44734,1.44766,2.25,1.69
2013.08.19 01:22:40.542,1.44736,1.44769,1.50,1.69
2013.08.19 01:22:54.092,1.44738,1.44769,1.69,1.69
2013.08.19 01:22:55.721,1.44738,1.44771,1.50,1.13
2013.08.19 01:23:13.642,1.44736,1.44766,1.13,1.69
2013.08.19 01:23:13.921,1.44733,1.44766,1.69,1.69
2013.08.19 01:23:14.172,1.44733,1.44761,1.50,1.69
2013.08.19 01:23:14.292,1.44732,1.44761,1.50,2.07
2013.08.19 01:23:15.243,1.44727,1.4476,2.44,1.69
2013.08.19 01:23:22.637,1.44733,1.44765,1.88,2.07
2013.08.19 01:23:26.751,1.44733,1.44764,2.25,1.69
2013.08.19 01:23:26.931,1.44733,1.44764,2.25,1.69
2013.08.19 01:23:41.901,1.44733,1.44761,1.50,1.69
2013.08.19 01:23:42.082,1.44733,1.44757,1.50,1.69
2013.08.19 01:23:43.383,1.44729,1.44757,1.50,3.19
2013.08.19 01:23:45.201,1.44729,1.44757,1.13,1.69
2013.08.19 01:23:45.511,1.44728,1.44754,1.50,2.82
2013.08.19 01:23:46.694,1.44728,1.44754,1.50,1.32
2013.08.19 01:23:48.501,1.44728,1.44752,1.13,4.13
2013.08.19 01:23:48.568,1.44726,1.44751,1.50,1.69
2013.08.19 01:23:48.751,1.44726,1.44747,1.50,1.32
2013.08.19 01:23:48.871,1.44724,1.44748,1.13,1.32
2013.08.19 01:23:48.932,1.44724,1.44747,1.13,1.69
2013.08.19 01:23:49.232,1.4472,1.44748,1.50,1.32
2013.08.19 01:23:49.532,1.44718,1.44748,1.13,1.32
2013.08.19 01:23:50.442,1.44719,1.44748,1.13,1.32
2013.08.19 01:23:50.513,1.44719,1.44749,1.32,2.07
2013.08.19 01:23:51.521,1.44719,1.44748,1.13,1.32
2013.08.19 01:23:56.182,1.44719,1.44749,1.32,2.82
2013.08.19 01:23:59.343,1.44719,1.44749,1.32,2.82
2013.08.19 01:24:01.492,1.44719,1.44749,1.32,2.82
2013.08.19 01:24:04.112,1.44719,1.44749,1.32,2.07
2013.08.19 01:24:09.142,1.44723,1.44747,2.25,1.69
2013.08.19 01:24:09.932,1.44723,1.44748,2.25,1.50
2013.08.19 01:24:10.444,1.44723,1.44752,1.50,1.69
2013.08.19 01:24:19.231,1.44719,1.44756,1.32,2.44
2013.08.19 01:24:20.441,1.44719,1.44756,1.13,1.69
2013.08.19 01:24:20.622,1.44719,1.44748,1.13,1.13
2013.08.19 01:24:20.982,1.44717,1.44744,1.88,1.32
2013.08.19 01:24:21.101,1.44717,1.44748,1.88,1.69
2013.08.19 01:24:21.350,1.44717,1.44753,1.88,1.32
2013.08.19 01:24:21.661,1.44717,1.44748,1.88,1.13
2013.08.19 01:24:35.172,1.4472,1.44749,1.32,1.32
2013.08.19 01:24:35.412,1.44724,1.44753,1.50,1.69
2013.08.19 01:24:38.653,1.44728,1.44754,1.13,1.32
2013.08.19 01:24:39.471,1.44728,1.44754,1.13,1.32
2013.08.19 01:24:41.205,1.44727,1.44754,1.13,1.32
2013.08.19 01:24:42.418,1.44728,1.44756,1.50,1.32
2013.08.19 01:24:42.542,1.44729,1.44758,1.13,1.69
2013.08.19 01:24:42.602,1.44729,1.44759,1.13,1.32
2013.08.19 01:24:45.152,1.44733,1.44757,1.50,1.50
2013.08.19 01:24:45.572,1.44728,1.44757,2.07,1.50
2013.08.19 01:24:45.932,1.44726,1.44754,2.07,1.13
2013.08.19 01:24:46.292,1.44725,1.44746,1.32,2.63
2013.08.19 01:24:46.413,1.44725,1.44754,2.25,1.69
2013.08.19 01:24:46.481,1.44728,1.44757,1.50,1.69
2013.08.19 01:24:46.842,1.44728,1.44757,2.07,1.50
2013.08.19 01:24:47.201,1.44735,1.44761,1.13,1.32
2013.08.19 01:24:47.624,1.44733,1.44757,2.07,1.50
2013.08.19 01:24:47.691,1.44733,1.44757,1.50,1.50
2013.08.19 01:24:47.881,1.44733,1.44757,1.50,1.88
2013.08.19 01:24:54.332,1.44728,1.44754,1.69,1.13
2013.08.19 01:24:56.241,1.44733,1.44759,1.88,1.32
2013.08.19 01:24:56.301,1.44733,1.44759,2.44,1.13
2013.08.19 01:24:56.482,1.44734,1.44765,1.13,2.07
2013.08.19 01:24:58.512,1.44732,1.44762,2.07,1.32
2013.08.19 01:25:02.432,1.4473,1.44762,1.69,1.32
2013.08.19 01:25:05.063,1.44729,1.44762,1.32,1.32
2013.08.19 01:25:06.172,1.44728,1.4476,1.32,1.69
2013.08.19 01:25:08.138,1.44728,1.44757,1.32,1.69
2013.08.19 01:25:11.741,1.44725,1.44756,1.32,1.32
2013.08.19 01:25:13.421,1.44725,1.44756,1.50,2.07
2013.08.19 01:25:16.352,1.44725,1.44754,1.13,1.69
2013.08.19 01:25:17.285,1.44725,1.44754,1.13,1.69
2013.08.19 01:25:19.121,1.44725,1.44754,1.13,1.69
2013.08.19 01:25:21.393,1.44725,1.44754,1.13,1.69
2013.08.19 01:25:30.902,1.44724,1.44755,2.44,2.07
2013.08.19 01:25:33.786,1.44725,1.44757,1.32,2.82
2013.08.19 01:25:36.361,1.44728,1.44755,1.50,1.32
2013.08.19 01:25:41.812,1.44728,1.44757,1.50,2.82
2013.08.19 01:25:42.173,1.44724,1.44753,2.44,1.69
2013.08.19 01:25:46.523,1.44727,1.44754,1.50,1.69
2013.08.19 01:25:51.098,1.44727,1.44754,1.50,1.69
2013.08.19 01:25:51.801,1.44727,1.44754,1.50,1.69
2013.08.19 01:25:53.054,1.44727,1.44754,1.50,1.69
2013.08.19 01:25:53.553,1.44723,1.44753,1.69,1.32
2013.08.19 01:25:53.791,1.44722,1.44753,1.69,2.07
2013.08.19 01:25:55.671,1.44722,1.44748,1.69,1.13
2013.08.19 01:25:56.193,1.44722,1.44748,1.69,1.13
2013.08.19 01:25:56.381,1.44722,1.44748,1.50,1.32
2013.08.19 01:26:01.653,1.44722,1.44746,1.50,1.69
2013.08.19 01:26:02.961,1.44722,1.44748,1.50,1.32
2013.08.19 01:26:05.566,1.44722,1.44748,1.69,1.13
2013.08.19 01:26:07.795,1.44723,1.44752,1.69,1.32
2013.08.19 01:26:08.982,1.44724,1.44752,1.69,1.32
2013.08.19 01:26:09.104,1.44724,1.44752,1.69,1.13
2013.08.19 01:26:11.608,1.44724,1.44748,1.69,1.13
2013.08.19 01:26:14.573,1.44723,1.44748,1.69,1.13
2013.08.19 01:26:16.334,1.44722,1.44748,2.07,1.13
2013.08.19 01:26:20.733,1.44722,1.44748,2.44,1.13
2013.08.19 01:26:26.192,1.44722,1.44748,1.88,1.13
2013.08.19 01:26:32.364,1.44722,1.44748,1.69,1.13
2013.08.19 01:26:33.582,1.44722,1.44748,1.69,1.13
2013.08.19 01:26:35.282,1.44722,1.44748,1.69,1.13
2013.08.19 01:26:38.393,1.44722,1.44748,1.13,1.13
2013.08.19 01:26:40.573,1.44718,1.44748,2.07,1.13
2013.08.19 01:26:41.732,1.44718,1.44751,2.44,2.44
2013.08.19 01:26:42.032,1.44718,1.44751,2.44,2.44
2013.08.19 01:26:44.413,1.44721,1.44752,2.07,1.32
2013.08.19 01:26:44.473,1.44723,1.44753,1.13,1.69
2013.08.19 01:26:45.802,1.44723,1.44753,1.13,1.69
2013.08.19 01:26:45.922,1.4472,1.44752,1.69,1.69
2013.08.19 01:26:47.663,1.44723,1.44752,1.13,1.69
2013.08.19 01:26:47.842,1.44723,1.44753,1.13,3.19
2013.08.19 01:26:49.023,1.44726,1.44752,1.13,1.69
2013.08.19 01:26:50.676,1.44726,1.44752,1.13,1.50
2013.08.19 01:26:59.806,1.44726,1.44752,1.13,1.69
2013.08.19 01:27:00.342,1.44724,1.44752,1.50,1.69
2013.08.19 01:27:02.974,1.44727,1.44752,1.50,1.50
2013.08.19 01:27:03.223,1.44723,1.44751,1.13,1.32
2013.08.19 01:27:03.284,1.4472,1.44751,1.50,1.32
2013.08.19 01:27:03.353,1.4472,1.44749,1.50,1.32
2013.08.19 01:27:04.132,1.44716,1.44749,1.69,1.69
2013.08.19 01:27:04.193,1.44718,1.44749,1.50,1.69
2013.08.19 01:27:04.731,1.44714,1.44749,2.44,2.44
2013.08.19 01:27:05.152,1.44723,1.44745,1.13,1.50
2013.08.19 01:27:05.392,1.44721,1.44745,1.13,1.50
2013.08.19 01:27:07.212,1.44723,1.44745,1.13,1.50
2013.08.19 01:27:07.512,1.44714,1.44746,1.32,1.50
2013.08.19 01:27:07.702,1.44718,1.44744,1.50,1.50
2013.08.19 01:27:28.032,1.44713,1.44744,1.32,2.07
2013.08.19 01:27:32.642,1.44718,1.44749,2.25,1.13
2013.08.19 01:27:34.002,1.44718,1.44745,1.88,1.13
2013.08.19 01:27:37.972,1.44713,1.44745,2.07,1.32
2013.08.19 01:27:38.524,1.44715,1.44745,1.32,1.13
2013.08.19 01:27:39.834,1.44718,1.44748,1.50,1.69
2013.08.19 01:27:40.684,1.44721,1.44748,1.50,1.50
2013.08.19 01:27:40.935,1.44723,1.44753,1.50,1.32
2013.08.19 01:27:41.002,1.44723,1.44753,1.32,1.13
2013.08.19 01:27:41.344,1.44728,1.44753,1.13,1.13
2013.08.19 01:27:41.702,1.44728,1.44753,1.32,1.13
2013.08.19 01:27:43.482,1.4473,1.44753,1.32,1.13
2013.08.19 01:27:43.662,1.44728,1.44753,1.32,1.13
2013.08.19 01:27:43.874,1.44728,1.44753,1.32,1.13
2013.08.19 01:27:46.842,1.44723,1.44754,1.13,1.50
2013.08.19 01:27:47.203,1.44728,1.44754,1.13,1.50
2013.08.19 01:27:47.498,1.44727,1.44754,1.13,1.50
2013.08.19 01:27:47.893,1.44727,1.44754,1.32,1.50
2013.08.19 01:27:57.382,1.44723,1.44754,1.32,1.50
2013.08.19 01:27:57.623,1.44728,1.44754,1.50,1.50
2013.08.19 01:27:57.742,1.44723,1.44754,1.32,1.50
2013.08.19 01:27:59.182,1.44732,1.44754,1.13,1.50
2013.08.19 01:27:59.241,1.44732,1.44754,1.13,1.50
2013.08.19 01:27:59.421,1.44732,1.44757,1.13,1.13
2013.08.19 01:27:59.781,1.4474,1.44758,1.13,1.50
2013.08.19 01:28:00.021,1.4474,1.44763,1.13,1.13
2013.08.19 01:28:00.206,1.44738,1.44765,1.13,1.50
2013.08.19 01:28:01.293,1.44738,1.44764,1.13,1.69
2013.08.19 01:28:01.815,1.44738,1.44764,1.13,2.82
2013.08.19 01:28:02.132,1.44736,1.44759,1.13,1.69
2013.08.19 01:28:02.491,1.44734,1.44754,1.88,1.50
2013.08.19 01:28:02.612,1.44733,1.44754,1.50,1.69
2013.08.19 01:28:02.672,1.44733,1.44754,1.50,2.44
2013.08.19 01:28:02.734,1.44728,1.44754,1.88,3.19
2013.08.19 01:28:02.923,1.44728,1.44753,1.13,2.07
2013.08.19 01:28:04.302,1.44728,1.44753,1.13,2.07
2013.08.19 01:28:08.382,1.44728,1.44749,1.50,1.69
2013.08.19 01:28:42.915,1.44728,1.44757,1.50,1.13
2013.08.19 01:28:43.718,1.44728,1.44757,1.13,1.13
2013.08.19 01:29:04.302,1.44728,1.44762,1.50,2.25
2013.08.19 01:29:10.142,1.44728,1.44758,1.13,1.69
2013.08.19 01:29:10.263,1.44723,1.44754,2.63,1.69
2013.08.19 01:29:10.672,1.44723,1.44752,1.13,1.50
2013.08.19 01:29:11.374,1.44722,1.44751,1.13,1.88
2013.08.19 01:29:11.623,1.44728,1.44757,1.13,1.50
2013.08.19 01:29:11.742,1.44728,1.4476,1.50,2.25
2013.08.19 01:29:11.923,1.44731,1.4476,1.13,2.25
2013.08.19 01:29:12.924,1.44733,1.4476,1.13,2.25
2013.08.19 01:29:13.972,1.44733,1.4476,1.13,2.25
2013.08.19 01:29:14.162,1.44731,1.4476,1.13,2.25
2013.08.19 01:29:14.343,1.44729,1.44758,1.13,1.50
2013.08.19 01:29:14.462,1.44723,1.44757,1.69,1.13
2013.08.19 01:29:14.522,1.44723,1.44757,1.32,1.13
2013.08.19 01:29:17.698,1.44723,1.44756,1.69,1.32
2013.08.19 01:29:18.277,1.44723,1.44756,1.69,1.32
2013.08.19 01:29:18.825,1.44721,1.44752,1.69,1.32
2013.08.19 01:29:19.341,1.44721,1.44752,1.50,1.32
2013.08.19 01:29:21.422,1.44722,1.44756,1.69,1.69
2013.08.19 01:29:21.723,1.44723,1.44756,1.69,1.13
2013.08.19 01:29:22.081,1.44729,1.44758,1.32,1.50
2013.08.19 01:29:22.442,1.44731,1.44756,1.69,1.13
2013.08.19 01:29:22.863,1.44733,1.44764,1.69,1.13
2013.08.19 01:29:23.043,1.4473,1.44764,1.69,1.32
2013.08.19 01:29:23.286,1.44729,1.44764,2.82,1.32
2013.08.19 01:29:23.593,1.44733,1.44764,1.13,1.69
2013.08.19 01:29:24.134,1.44732,1.44762,1.69,2.44
2013.08.19 01:29:24.673,1.44732,1.44757,1.13,1.13
2013.08.19 01:29:25.033,1.44733,1.44757,1.50,1.13
2013.08.19 01:29:25.393,1.44733,1.44764,1.88,1.13
2013.08.19 01:29:25.794,1.44741,1.44764,1.13,1.13
2013.08.19 01:29:26.042,1.44743,1.44766,1.69,1.13
2013.08.19 01:29:26.623,1.44748,1.44769,1.50,1.32
2013.08.19 01:29:26.743,1.44748,1.44772,1.13,2.44
2013.08.19 01:29:26.862,1.44739,1.44772,1.13,2.44
2013.08.19 01:29:26.981,1.44739,1.44772,1.13,2.44
2013.08.19 01:29:27.342,1.44741,1.44771,1.50,1.69
2013.08.19 01:29:27.403,1.44741,1.44767,1.13,1.50
2013.08.19 01:29:27.642,1.44741,1.44765,1.13,1.69
2013.08.19 01:29:28.472,1.44737,1.44763,1.13,1.50
2013.08.19 01:29:30.445,1.44733,1.44762,1.13,1.69
2013.08.19 01:29:32.162,1.44733,1.44761,1.13,1.69
2013.08.19 01:29:32.642,1.44733,1.44765,1.88,1.69
2013.08.19 01:29:33.364,1.44741,1.44766,1.50,1.32
2013.08.19 01:29:33.612,1.44742,1.44766,1.13,1.32
2013.08.19 01:29:34.241,1.44742,1.44767,1.13,3.19
2013.08.19 01:29:34.302,1.44743,1.44767,1.13,3.19
2013.08.19 01:29:35.104,1.44741,1.44765,1.88,1.69
2013.08.19 01:29:35.552,1.44741,1.44763,1.13,1.69
2013.08.19 01:29:35.613,1.44734,1.44765,1.13,1.69
2013.08.19 01:29:35.853,1.44741,1.44765,1.50,1.69
2013.08.19 01:29:35.973,1.44741,1.44765,1.13,1.69
2013.08.19 01:29:37.127,1.44741,1.44766,1.50,2.82
2013.08.19 01:29:39.914,1.44741,1.44766,1.50,2.82
2013.08.19 01:29:40.940,1.44741,1.44765,1.50,1.69
2013.08.19 01:29:43.801,1.44741,1.44766,1.50,2.07
2013.08.19 01:29:44.002,1.44741,1.44766,1.50,1.69
2013.08.19 01:29:44.303,1.44748,1.44768,1.50,1.13
2013.08.19 01:29:44.362,1.44745,1.44768,1.32,1.13
2013.08.19 01:29:44.422,1.44745,1.44768,1.32,1.13
2013.08.19 01:29:49.005,1.44745,1.44768,1.13,1.32
2013.08.19 01:29:49.513,1.44748,1.44768,1.50,1.13
2013.08.19 01:29:53.712,1.44745,1.44773,1.32,1.13
2013.08.19 01:29:54.492,1.44745,1.44773,1.32,1.13
2013.08.19 01:29:55.342,1.44758,1.44773,1.13,1.13
2013.08.19 01:29:55.462,1.44753,1.44773,1.13,1.13
2013.08.19 01:29:55.522,1.44752,1.44773,1.13,1.13
2013.08.19 01:29:55.762,1.44748,1.44773,1.50,1.13
2013.08.19 01:29:56.652,1.44748,1.44772,1.50,1.13
2013.08.19 01:30:03.383,1.44752,1.44771,1.13,1.69
2013.08.19 01:30:09.343,1.44741,1.44771,2.25,1.69
2013.08.19 01:30:09.403,1.44741,1.44772,1.69,1.50
2013.08.19 01:30:09.462,1.44741,1.44773,1.13,1.69
2013.08.19 01:30:19.401,1.44741,1.44767,1.50,1.13
2013.08.19 01:30:22.971,1.44741,1.44771,1.50,1.13
2013.08.19 01:30:23.031,1.44741,1.44771,2.25,1.13
2013.08.19 01:30:23.151,1.44741,1.44774,2.25,1.69
2013.08.19 01:30:23.400,1.44746,1.44774,1.13,1.50
2013.08.19 01:30:24.821,1.44746,1.44774,1.13,1.50
2013.08.19 01:30:26.711,1.44744,1.44774,1.13,1.50
2013.08.19 01:30:27.301,1.44745,1.44775,1.50,1.13
2013.08.19 01:30:27.832,1.44748,1.44775,1.69,1.13
2013.08.19 01:30:28.983,1.44748,1.44775,1.50,1.13
2013.08.19 01:30:33.059,1.44748,1.44775,1.50,1.13
2013.08.19 01:30:33.184,1.44748,1.44775,2.44,1.13
2013.08.19 01:30:33.253,1.44749,1.44776,1.69,1.13
2013.08.19 01:30:35.021,1.44748,1.44778,2.44,1.13
2013.08.19 01:30:37.306,1.44748,1.44779,1.69,1.13
2013.08.19 01:30:42.681,1.44748,1.44778,1.50,1.32
2013.08.19 01:30:44.643,1.44746,1.44778,1.13,1.13
2013.08.19 01:30:52.514,1.44749,1.44778,1.69,1.13
2013.08.19 01:31:05.592,1.44748,1.44778,1.13,1.13
2013.08.19 01:31:10.922,1.44746,1.44778,1.13,1.88
2013.08.19 01:31:11.041,1.44746,1.44778,1.13,1.32
2013.08.19 01:31:11.343,1.44744,1.44778,1.50,1.88
2013.08.19 01:31:11.403,1.44744,1.44778,1.50,1.88
2013.08.19 01:31:11.462,1.44744,1.44778,1.50,1.88
2013.08.19 01:31:11.806,1.44744,1.44778,1.50,2.07
2013.08.19 01:31:12.321,1.44746,1.44772,1.13,1.13
2013.08.19 01:31:29.921,1.44746,1.44771,1.13,1.13
2013.08.19 01:31:30.281,1.44742,1.44771,1.13,1.13
2013.08.19 01:31:38.350,1.44745,1.44772,1.13,1.32
2013.08.19 01:31:38.663,1.44745,1.44776,1.13,1.13
2013.08.19 01:31:39.143,1.44745,1.44771,1.13,1.50
2013.08.19 01:31:39.502,1.44745,1.44767,1.13,1.13
2013.08.19 01:31:40.402,1.44739,1.44766,1.13,1.32
2013.08.19 01:31:40.712,1.44739,1.4476,1.13,1.32
2013.08.19 01:31:40.772,1.44738,1.4476,2.25,1.32
2013.08.19 01:31:40.955,1.44738,1.4476,1.13,1.32
2013.08.19 01:31:41.632,1.44731,1.44756,1.13,1.32
2013.08.19 01:31:41.692,1.44733,1.44756,1.50,1.13
2013.08.19 01:31:41.752,1.44733,1.44757,1.50,1.50
2013.08.19 01:31:41.933,1.44731,1.44762,1.13,1.50
2013.08.19 01:31:43.791,1.44733,1.44761,1.50,1.13
2013.08.19 01:31:51.642,1.44725,1.44756,1.13,2.25
2013.08.19 01:31:51.881,1.44725,1.44755,1.13,1.32
2013.08.19 01:31:52.001,1.44718,1.44755,1.50,1.32
2013.08.19 01:31:52.061,1.44717,1.44755,1.13,1.32
2013.08.19 01:31:54.141,1.44717,1.44752,1.88,1.13
2013.08.19 01:31:54.562,1.44717,1.44752,1.88,1.13
2013.08.19 01:31:59.401,1.4472,1.44746,1.13,1.13
2013.08.19 01:31:59.521,1.4472,1.44752,1.13,1.32
2013.08.19 01:32:00.079,1.4472,1.44746,1.32,1.13
2013.08.19 01:32:00.148,1.4472,1.44748,1.13,1.13
2013.08.19 01:32:05.192,1.44721,1.44746,1.13,1.13
2013.08.19 01:32:05.491,1.44721,1.44752,1.13,1.13
2013.08.19 01:32:10.241,1.44719,1.44746,1.13,2.25
2013.08.19 01:32:15.141,1.44719,1.44745,1.13,2.25
2013.08.19 01:32:15.612,1.44718,1.44742,1.13,1.50
2013.08.19 01:32:23.702,1.44718,1.44746,1.13,1.50
2013.08.19 01:32:25.432,1.44718,1.44746,1.32,1.13
2013.08.19 01:32:25.551,1.44718,1.44749,2.07,1.32
2013.08.19 01:32:31.303,1.44718,1.44749,2.07,1.13
2013.08.19 01:32:32.441,1.44722,1.44754,1.13,1.13
2013.08.19 01:32:33.524,1.44722,1.44754,1.88,1.13
2013.08.19 01:32:33.652,1.44722,1.44746,1.88,1.13
2013.08.19 01:32:33.772,1.44722,1.44749,1.88,1.13
2013.08.19 01:32:34.852,1.44722,1.44749,1.13,1.13
2013.08.19 01:32:36.921,1.44724,1.44749,1.13,1.13
2013.08.19 01:32:39.901,1.44722,1.44753,1.88,1.13
2013.08.19 01:32:46.391,1.44724,1.44753,1.13,1.32
2013.08.19 01:32:50.491,1.44722,1.44753,1.32,1.32
2013.08.19 01:32:51.113,1.44722,1.44753,1.32,1.13
2013.08.19 01:32:53.003,1.44722,1.44753,1.13,1.13
2013.08.19 01:32:54.421,1.4472,1.44755,1.13,1.13
2013.08.19 01:33:01.540,1.4472,1.44755,1.32,1.13
2013.08.19 01:33:01.680,1.4472,1.44755,1.32,1.13
2013.08.19 01:33:01.925,1.4472,1.44755,1.13,1.32
2013.08.19 01:33:02.053,1.4472,1.44757,1.13,1.69
2013.08.19 01:33:02.173,1.4472,1.44755,1.13,1.13
2013.08.19 01:33:02.352,1.44718,1.44755,1.69,2.25
2013.08.19 01:33:02.532,1.44721,1.44755,1.13,2.25
2013.08.19 01:33:02.653,1.44719,1.44755,1.50,1.50
2013.08.19 01:33:03.012,1.44718,1.44754,1.50,1.13
2013.08.19 01:33:03.382,1.44718,1.44745,1.50,1.50
2013.08.19 01:33:03.802,1.44718,1.44753,1.50,1.13
2013.08.19 01:33:04.672,1.44718,1.44753,1.13,1.13
2013.08.19 01:33:07.762,1.44717,1.44753,1.13,1.13
2013.08.19 01:33:08.263,1.44715,1.44753,1.69,1.32
2013.08.19 01:33:08.803,1.44715,1.44753,1.69,1.32
2013.08.19 01:33:09.582,1.44715,1.44753,2.07,1.32
2013.08.19 01:33:10.804,1.44716,1.44753,1.32,1.32
2013.08.19 01:33:11.761,1.44716,1.44753,1.32,1.32
2013.08.19 01:33:13.271,1.44716,1.44753,2.07,2.07
2013.08.19 01:33:13.451,1.44718,1.44753,1.13,1.32
2013.08.19 01:33:14.531,1.44718,1.44754,1.13,1.32
2013.08.19 01:33:14.951,1.44718,1.44755,1.13,3.19
2013.08.19 01:33:15.472,1.44718,1.44755,1.13,2.44
2013.08.19 01:33:16.180,1.44718,1.44754,1.13,1.13
2013.08.19 01:33:16.743,1.44718,1.44754,1.50,1.13
2013.08.19 01:33:19.823,1.44718,1.44754,1.13,1.13
2013.08.19 01:33:24.742,1.44718,1.44754,1.13,1.32
2013.08.19 01:33:25.322,1.44718,1.44753,1.32,1.32
2013.08.19 01:33:31.162,1.44716,1.44754,1.69,2.44
2013.08.19 01:33:35.572,1.44717,1.44753,1.69,2.07
2013.08.19 01:33:36.431,1.44716,1.44752,1.32,1.32
2013.08.19 01:33:37.155,1.44715,1.44753,1.50,1.50
2013.08.19 01:33:38.002,1.44715,1.44753,1.50,1.50
2013.08.19 01:33:38.672,1.44718,1.44754,1.50,1.69
2013.08.19 01:33:41.722,1.44718,1.44754,1.50,1.50
2013.08.19 01:33:43.514,1.44718,1.44753,1.50,1.13
2013.08.19 01:33:43.893,1.44716,1.44753,1.13,1.13
2013.08.19 01:33:44.822,1.44716,1.44753,1.13,1.13
2013.08.19 01:33:45.421,1.44716,1.44753,1.32,1.32
2013.08.19 01:33:47.412,1.44718,1.44753,1.32,1.32
2013.08.19 01:33:48.501,1.44718,1.44753,1.32,1.32
2013.08.19 01:33:48.903,1.44718,1.44753,1.32,2.07
2013.08.19 01:33:49.023,1.44719,1.44753,1.50,1.32
2013.08.19 01:33:49.082,1.44718,1.44753,2.63,1.32
2013.08.19 01:33:49.263,1.44718,1.44753,1.88,1.32
2013.08.19 01:33:49.322,1.44718,1.44753,1.13,2.44
2013.08.19 01:33:49.512,1.44718,1.4475,1.13,1.50
2013.08.19 01:33:51.833,1.44717,1.4475,1.13,1.69
2013.08.19 01:33:52.552,1.44717,1.4475,1.13,1.50
2013.08.19 01:33:57.535,1.44717,1.4475,1.32,1.69
2013.08.19 01:33:57.957,1.44718,1.4475,1.50,1.50
2013.08.19 01:34:04.283,1.44718,1.4475,1.13,1.69
2013.08.19 01:34:04.403,1.44718,1.44749,1.13,1.32
2013.08.19 01:34:04.582,1.44718,1.4475,1.13,1.32
2013.08.19 01:34:05.453,1.44718,1.44753,1.13,3.19
2013.08.19 01:34:05.757,1.44718,1.44753,1.13,2.25
2013.08.19 01:34:09.372,1.44717,1.44752,1.13,1.50
2013.08.19 01:34:15.703,1.44716,1.4475,1.13,2.25
2013.08.19 01:34:16.632,1.44716,1.4475,1.32,2.25
2013.08.19 01:34:19.032,1.44717,1.4475,1.32,2.25
2013.08.19 01:34:20.855,1.44717,1.44745,1.32,1.50
2013.08.19 01:34:25.933,1.44713,1.44745,2.82,1.69
2013.08.19 01:34:26.492,1.44713,1.44745,3.38,1.50
2013.08.19 01:34:27.035,1.44718,1.44749,1.13,1.50
2013.08.19 01:34:27.682,1.44718,1.44753,1.13,2.44
2013.08.19 01:34:27.742,1.44718,1.44753,1.13,2.44
2013.08.19 01:34:27.802,1.44718,1.44753,1.13,2.44
2013.08.19 01:34:28.176,1.44718,1.44748,1.13,1.50
2013.08.19 01:34:28.482,1.44715,1.44744,1.13,1.50
2013.08.19 01:34:29.934,1.44713,1.44744,1.88,1.50
2013.08.19 01:34:32.962,1.44713,1.44744,1.88,1.50
2013.08.19 01:34:37.641,1.44713,1.44744,1.69,1.50
2013.08.19 01:34:46.403,1.44713,1.44744,1.69,1.50
2013.08.19 01:34:50.372,1.44713,1.4475,3.75,1.32
2013.08.19 01:34:50.433,1.44715,1.4475,1.13,2.07
2013.08.19 01:34:50.553,1.44717,1.44755,2.63,1.32
2013.08.19 01:34:50.613,1.44721,1.44753,1.50,1.32
2013.08.19 01:34:51.273,1.44722,1.44757,1.50,2.07
2013.08.19 01:34:52.052,1.44722,1.44753,1.50,1.13
2013.08.19 01:34:54.514,1.44727,1.44753,1.13,1.13
2013.08.19 01:34:54.632,1.44727,1.44753,1.13,1.13
2013.08.19 01:34:54.692,1.44727,1.44756,1.13,1.13
2013.08.19 01:34:55.462,1.44727,1.44753,1.13,1.13
2013.08.19 01:35:03.082,1.44722,1.44753,1.13,1.32
2013.08.19 01:35:04.171,1.44722,1.44753,1.13,1.32
2013.08.19 01:35:05.113,1.44722,1.44753,1.13,1.32
2013.08.19 01:35:08.643,1.44725,1.44753,1.13,1.32
2013.08.19 01:35:08.763,1.44725,1.44751,1.13,1.13
2013.08.19 01:35:15.702,1.44726,1.44753,1.13,3.94
2013.08.19 01:35:16.583,1.44725,1.44752,1.13,2.07
2013.08.19 01:35:17.134,1.44725,1.44751,1.13,1.69
2013.08.19 01:35:18.112,1.44725,1.44751,1.13,1.13
2013.08.19 01:35:18.543,1.44725,1.44751,1.13,1.13
2013.08.19 01:35:19.095,1.44721,1.44751,1.50,1.13
2013.08.19 01:35:20.114,1.44721,1.44751,1.50,1.13
2013.08.19 01:35:25.222,1.44721,1.44749,1.13,1.13
2013.08.19 01:35:25.462,1.44721,1.44753,1.13,2.44
2013.08.19 01:35:27.143,1.44721,1.44753,1.13,1.69
2013.08.19 01:35:27.234,1.44721,1.44753,1.13,2.63
2013.08.19 01:35:27.691,1.44721,1.44753,1.13,2.63
2013.08.19 01:35:33.084,1.44721,1.44753,1.13,2.63
2013.08.19 01:35:35.775,1.4472,1.44753,1.50,2.63
2013.08.19 01:35:36.824,1.4472,1.44751,1.88,1.69
2013.08.19 01:35:38.130,1.4472,1.44752,1.88,1.69
2013.08.19 01:35:39.072,1.4472,1.44753,1.88,1.13
2013.08.19 01:35:39.762,1.4472,1.44753,1.88,1.13
2013.08.19 01:35:41.753,1.4472,1.44753,1.88,1.88
2013.08.19 01:35:43.563,1.4472,1.44754,1.88,1.32
2013.08.19 01:35:52.154,1.44718,1.44755,2.63,1.32
2013.08.19 01:35:56.542,1.44719,1.44755,1.32,2.07
2013.08.19 01:35:57.962,1.44719,1.44755,1.32,1.32
2013.08.19 01:36:01.173,1.4472,1.44754,1.32,1.32
2013.08.19 01:36:01.834,1.4472,1.44754,1.32,1.32
2013.08.19 01:36:04.182,1.4472,1.44754,1.32,1.13
2013.08.19 01:36:04.483,1.44721,1.44753,1.32,1.13
2013.08.19 01:36:05.014,1.4472,1.44753,1.69,1.13
2013.08.19 01:36:05.313,1.44721,1.44752,1.32,1.50
2013.08.19 01:36:05.373,1.4472,1.44752,1.32,1.50
2013.08.19 01:36:05.433,1.4472,1.44757,2.07,1.88
2013.08.19 01:36:05.733,1.4472,1.44757,2.07,1.50
2013.08.19 01:36:06.250,1.44718,1.44755,2.44,1.88
2013.08.19 01:36:06.325,1.4472,1.44755,1.50,2.82
2013.08.19 01:36:06.703,1.44718,1.44755,2.25,2.07
2013.08.19 01:36:08.042,1.44718,1.44755,2.25,2.07
2013.08.19 01:36:09.004,1.44719,1.44756,1.32,1.69
2013.08.19 01:36:09.757,1.4472,1.44759,2.25,1.69
2013.08.19 01:36:11.611,1.4472,1.44759,2.25,1.50
2013.08.19 01:36:14.193,1.4472,1.44757,2.25,1.32
2013.08.19 01:36:14.723,1.44718,1.44755,2.25,1.13
2013.08.19 01:36:16.273,1.4472,1.44755,1.50,2.63
2013.08.19 01:36:16.514,1.44718,1.44755,3.00,1.32
2013.08.19 01:36:17.042,1.4472,1.44757,2.25,1.32
2013.08.19 01:36:17.173,1.44721,1.44754,1.50,1.32
2013.08.19 01:36:17.532,1.44718,1.44754,3.00,2.07
2013.08.19 01:36:20.314,1.4472,1.44753,1.50,1.32
2013.08.19 01:36:20.374,1.4472,1.44752,1.50,1.13
2013.08.19 01:36:20.990,1.4472,1.44752,1.50,1.13
2013.08.19 01:36:22.443,1.44718,1.44752,1.50,1.13
2013.08.19 01:36:23.193,1.44718,1.44751,1.50,1.32
2013.08.19 01:36:23.873,1.44718,1.44751,1.50,2.07
2013.08.19 01:36:25.075,1.44718,1.44751,2.25,2.07
2013.08.19 01:36:27.918,1.44718,1.44752,1.50,2.07
2013.08.19 01:36:37.421,1.44716,1.44751,2.25,1.69
2013.08.19 01:36:37.543,1.44717,1.44747,1.13,1.50
2013.08.19 01:36:37.794,1.44717,1.44744,1.13,1.50
2013.08.19 01:36:38.071,1.44711,1.44744,1.13,1.50
2013.08.19 01:36:39.372,1.44713,1.44742,1.50,1.50
2013.08.19 01:36:44.853,1.44717,1.44747,1.50,1.69
2013.08.19 01:36:45.212,1.44718,1.44747,1.50,1.50
2013.08.19 01:36:46.622,1.44717,1.44747,1.88,1.69
2013.08.19 01:36:51.062,1.44718,1.44747,2.25,1.50
2013.08.19 01:36:51.229,1.44719,1.44749,1.50,1.13
2013.08.19 01:36:52.106,1.44722,1.44749,1.50,1.32
2013.08.19 01:36:52.292,1.44723,1.44752,1.50,1.13
2013.08.19 01:36:52.531,1.44725,1.44759,1.50,1.69
2013.08.19 01:36:53.781,1.44726,1.44761,1.50,1.32
2013.08.19 01:36:54.661,1.44726,1.44759,1.50,1.69
2013.08.19 01:36:56.463,1.44726,1.44762,1.50,2.07
2013.08.19 01:36:56.763,1.44734,1.44768,1.50,3.04
2013.08.19 01:36:57.004,1.44732,1.4477,1.50,2.07
2013.08.19 01:36:57.382,1.44733,1.4477,1.50,2.82
2013.08.19 01:36:58.171,1.44733,1.44767,1.50,1.50
2013.08.19 01:36:58.472,1.4473,1.44761,1.13,1.50
2013.08.19 01:37:00.952,1.4473,1.44767,2.44,1.69
2013.08.19 01:37:02.172,1.4473,1.44765,2.25,1.69
2013.08.19 01:37:02.709,1.4473,1.44767,2.25,3.19
2013.08.19 01:37:05.676,1.44738,1.4477,2.25,2.07
2013.08.19 01:37:13.821,1.44739,1.4477,1.50,1.32
2013.08.19 01:37:16.863,1.44738,1.44767,3.00,1.50
2013.08.19 01:37:16.932,1.44739,1.4477,1.69,1.32
2013.08.19 01:37:20.471,1.44738,1.4477,1.69,1.32
2013.08.19 01:37:21.942,1.44738,1.4477,1.69,1.32
2013.08.19 01:37:25.665,1.44739,1.4477,1.32,1.32
2013.08.19 01:37:26.033,1.44739,1.44769,1.13,1.69
2013.08.19 01:37:26.162,1.44747,1.4477,1.13,1.13
2013.08.19 01:37:26.283,1.44749,1.4477,1.13,1.13
2013.08.19 01:37:26.402,1.44751,1.44773,1.50,1.50
2013.08.19 01:37:26.583,1.4475,1.44779,1.32,1.13
2013.08.19 01:37:28.062,1.44749,1.44777,1.69,1.32
2013.08.19 01:37:29.042,1.44749,1.44776,1.50,1.69
2013.08.19 01:37:29.161,1.44749,1.44776,1.50,1.69
2013.08.19 01:37:29.882,1.44749,1.44777,1.50,1.69
2013.08.19 01:37:30.183,1.44748,1.44776,2.44,1.32
2013.08.19 01:37:30.305,1.44742,1.44773,2.44,1.50
2013.08.19 01:37:30.373,1.44743,1.44767,1.69,1.50
2013.08.19 01:37:30.741,1.44739,1.44769,1.69,1.69
2013.08.19 01:37:31.262,1.44736,1.44769,1.13,1.69
2013.08.19 01:37:31.661,1.44736,1.44767,1.13,1.69
2013.08.19 01:37:32.203,1.44746,1.44767,2.25,1.69
2013.08.19 01:37:32.512,1.44745,1.44772,1.13,2.25
2013.08.19 01:37:32.632,1.44739,1.44772,1.69,1.50
2013.08.19 01:37:32.751,1.44739,1.44769,1.69,1.13
2013.08.19 01:37:39.423,1.44738,1.44767,1.50,1.69
2013.08.19 01:37:41.931,1.44738,1.44764,1.50,1.69
2013.08.19 01:37:42.972,1.44738,1.44768,1.50,2.44
2013.08.19 01:37:43.092,1.44738,1.44768,1.50,1.69
2013.08.19 01:37:44.831,1.44738,1.44769,2.44,1.32
2013.08.19 01:37:45.252,1.44738,1.44769,2.07,2.07
2013.08.19 01:37:54.834,1.44738,1.44765,1.50,2.07
2013.08.19 01:37:54.963,1.44738,1.44765,1.50,2.07
2013.08.19 01:37:55.275,1.44738,1.44762,1.69,1.50
2013.08.19 01:37:55.642,1.44739,1.44769,2.44,1.13
2013.08.19 01:37:56.002,1.44747,1.4477,1.32,1.13
2013.08.19 01:37:56.183,1.44748,1.44769,2.25,1.13
2013.08.19 01:37:56.301,1.44743,1.44775,2.44,1.32
2013.08.19 01:37:56.845,1.44748,1.44779,2.44,1.32
2013.08.19 01:37:59.051,1.44748,1.44775,2.82,1.13
2013.08.19 01:37:59.422,1.44748,1.44775,2.82,1.13
2013.08.19 01:37:59.582,1.44748,1.44775,2.82,1.13
2013.08.19 01:37:59.962,1.44747,1.44774,1.50,1.13
2013.08.19 01:38:00.651,1.44747,1.44771,1.50,1.69
2013.08.19 01:38:04.222,1.44743,1.44769,1.50,1.13
2013.08.19 01:38:04.463,1.44747,1.4477,1.50,1.69
2013.08.19 01:38:04.882,1.44742,1.4477,1.50,1.69
2013.08.19 01:38:05.242,1.44744,1.44774,1.69,2.07
2013.08.19 01:38:05.603,1.44747,1.44775,1.13,1.13
2013.08.19 01:38:05.846,1.44747,1.44774,1.13,1.13
2013.08.19 01:38:06.612,1.44746,1.44771,1.13,1.32
2013.08.19 01:38:15.132,1.44742,1.44773,2.07,1.69
2013.08.19 01:38:15.671,1.44746,1.44771,1.32,1.32
2013.08.19 01:38:16.091,1.4475,1.44771,1.32,1.13
2013.08.19 01:38:16.212,1.4475,1.44775,1.32,1.65
2013.08.19 01:38:16.332,1.44752,1.44776,1.32,1.50
2013.08.19 01:38:16.451,1.44752,1.44776,1.32,1.13
2013.08.19 01:38:16.572,1.44752,1.44777,1.13,1.13
2013.08.19 01:38:16.631,1.44752,1.44774,1.13,1.32
2013.08.19 01:38:16.931,1.44743,1.44773,1.13,1.69
2013.08.19 01:38:16.991,1.44743,1.44772,1.88,1.69
2013.08.19 01:38:17.771,1.44743,1.44768,1.88,1.69
2013.08.19 01:38:19.102,1.44743,1.44772,1.88,2.44
2013.08.19 01:38:22.081,1.44743,1.44774,1.50,1.69
2013.08.19 01:38:26.052,1.44743,1.44773,1.32,1.50
2013.08.19 01:38:29.122,1.4474,1.44772,1.69,1.88
2013.08.19 01:38:29.183,1.4474,1.44771,1.69,1.69
2013.08.19 01:38:30.892,1.44738,1.4477,1.50,1.69
2013.08.19 01:38:36.511,1.44736,1.44771,1.32,1.69
2013.08.19 01:38:40.162,1.44738,1.44772,1.32,2.82
2013.08.19 01:38:58.482,1.44739,1.4477,1.69,1.69
2013.08.19 01:38:59.032,1.44739,1.44768,1.50,1.69
2013.08.19 01:39:04.152,1.44742,1.44772,1.13,2.82
2013.08.19 01:39:07.215,1.44743,1.44772,1.13,2.07
2013.08.19 01:39:18.472,1.4474,1.44767,1.50,1.69
2013.08.19 01:39:18.532,1.44738,1.44767,1.50,1.69
2013.08.19 01:39:21.797,1.44736,1.44764,1.50,1.69
2013.08.19 01:39:23.614,1.4474,1.44766,1.13,1.69
2013.08.19 01:39:25.222,1.4474,1.44764,1.13,1.69
2013.08.19 01:39:25.772,1.44733,1.44764,1.88,1.69
2013.08.19 01:39:26.071,1.44733,1.44769,1.13,1.69
2013.08.19 01:39:26.622,1.44733,1.44768,2.63,2.44
2013.08.19 01:39:28.028,1.44733,1.44767,2.82,1.69
2013.08.19 01:39:28.982,1.44733,1.44763,2.25,1.32
2013.08.19 01:39:29.515,1.44732,1.44763,1.50,1.32
2013.08.19 01:39:30.183,1.44731,1.44763,1.88,1.32
2013.08.19 01:39:32.302,1.44731,1.44765,1.69,1.32
2013.08.19 01:39:37.292,1.44731,1.44763,1.69,1.32
2013.08.19 01:39:37.832,1.44732,1.44763,1.69,2.07
2013.08.19 01:39:42.012,1.44732,1.44763,1.32,1.32
2013.08.19 01:39:42.251,1.44732,1.44763,1.13,1.32
2013.08.19 01:39:48.107,1.44732,1.44765,1.13,1.32
2013.08.19 01:39:48.173,1.44732,1.44765,1.32,2.07
2013.08.19 01:39:49.135,1.44732,1.44762,1.13,1.32
2013.08.19 01:39:50.333,1.44732,1.44761,1.13,1.32
2013.08.19 01:39:52.891,1.44731,1.44765,1.69,1.69
2013.08.19 01:39:54.374,1.44732,1.44767,1.69,1.32
2013.08.19 01:39:54.684,1.44733,1.44765,2.44,2.07
2013.08.19 01:39:54.752,1.44733,1.44763,2.25,1.32
2013.08.19 01:39:55.292,1.44732,1.44765,1.32,2.07
2013.08.19 01:40:00.725,1.44731,1.44765,1.69,1.32
2013.08.19 01:40:01.222,1.44733,1.44765,2.44,1.32
2013.08.19 01:40:03.012,1.44733,1.44767,2.44,1.69
2013.08.19 01:40:04.532,1.44733,1.44767,2.44,1.69
2013.08.19 01:40:08.563,1.44733,1.44767,2.44,2.44
2013.08.19 01:40:08.635,1.44733,1.44767,2.44,2.44
2013.08.19 01:40:08.703,1.44734,1.44767,1.69,1.69
2013.08.19 01:40:09.203,1.44731,1.44767,2.07,1.69
2013.08.19 01:40:09.442,1.44731,1.44767,2.07,1.69
2013.08.19 01:40:09.682,1.44731,1.44767,2.07,1.69
2013.08.19 01:40:09.862,1.44731,1.44765,2.07,1.69
2013.08.19 01:40:13.972,1.44731,1.44767,1.88,1.69
2013.08.19 01:40:16.562,1.44731,1.44764,2.07,1.69
2013.08.19 01:40:17.172,1.44731,1.44764,2.44,1.32
2013.08.19 01:40:17.535,1.44732,1.44765,2.07,1.32
2013.08.19 01:40:17.603,1.44733,1.44768,1.69,1.32
2013.08.19 01:40:18.324,1.44744,1.44776,1.32,1.32
2013.08.19 01:40:18.453,1.44746,1.44775,1.69,1.32
2013.08.19 01:40:18.634,1.44743,1.44775,1.69,1.32
2013.08.19 01:40:18.703,1.44743,1.44774,1.50,1.13
2013.08.19 01:40:18.833,1.44743,1.44772,1.50,1.13
2013.08.19 01:40:19.193,1.44744,1.44773,1.13,1.32
2013.08.19 01:40:37.446,1.4474,1.44773,1.32,1.13
2013.08.19 01:40:37.634,1.4474,1.44773,1.32,1.13
2013.08.19 01:40:43.754,1.44739,1.44773,2.07,1.32
2013.08.19 01:40:44.061,1.44739,1.44771,1.13,1.69
2013.08.19 01:40:49.831,1.44739,1.44773,1.69,1.32
2013.08.19 01:40:52.490,1.44739,1.44773,1.50,1.13
2013.08.19 01:40:53.238,1.44739,1.44773,1.13,1.32
2013.08.19 01:40:55.492,1.44738,1.44772,1.50,1.69
2013.08.19 01:41:03.313,1.44739,1.44768,1.50,1.13
2013.08.19 01:41:03.862,1.44733,1.44767,2.44,2.07
2013.08.19 01:41:06.524,1.44733,1.44763,3.57,1.13
2013.08.19 01:41:07.731,1.44733,1.44763,2.82,1.13
2013.08.19 01:41:07.972,1.44733,1.44763,2.07,1.13
2013.08.19 01:41:08.262,1.44733,1.44763,2.82,1.13
2013.08.19 01:41:08.501,1.44733,1.44762,1.88,1.13
2013.08.19 01:41:08.752,1.44733,1.44762,1.13,1.13
2013.08.19 01:41:08.992,1.44733,1.44762,1.13,1.13
2013.08.19 01:41:09.325,1.44732,1.44762,1.50,1.13
2013.08.19 01:41:09.513,1.4473,1.44762,1.32,1.13
2013.08.19 01:41:09.733,1.4473,1.44762,2.07,1.13
2013.08.19 01:41:11.651,1.44733,1.44762,1.69,1.13
2013.08.19 01:41:12.193,1.44737,1.44762,1.69,1.13
2013.08.19 01:41:16.445,1.44738,1.44762,1.32,1.13
2013.08.19 01:41:16.745,1.44738,1.44762,1.32,1.13
2013.08.19 01:41:16.813,1.44738,1.44765,1.32,1.13
2013.08.19 01:41:16.875,1.44737,1.44765,1.50,1.13
2013.08.19 01:41:17.183,1.44733,1.44764,2.25,1.69
2013.08.19 01:41:17.702,1.44732,1.44764,1.13,1.69
2013.08.19 01:41:18.521,1.44733,1.44765,1.50,1.32
2013.08.19 01:41:19.244,1.44735,1.44765,1.13,1.32
2013.08.19 01:41:21.077,1.44736,1.44765,1.88,1.13
2013.08.19 01:41:23.433,1.4474,1.44765,1.50,1.13
2013.08.19 01:41:23.732,1.4474,1.44775,2.44,2.44
2013.08.19 01:41:24.238,1.4474,1.44777,2.25,1.69
2013.08.19 01:41:24.782,1.44742,1.44777,1.13,1.69
2013.08.19 01:41:25.542,1.44743,1.44775,1.50,1.69
2013.08.19 01:41:25.961,1.44744,1.44775,1.50,1.69
2013.08.19 01:41:26.312,1.44743,1.44775,2.25,2.07
2013.08.19 01:41:26.653,1.44753,1.44774,1.13,1.32
2013.08.19 01:41:26.893,1.44756,1.44779,1.50,1.50
2013.08.19 01:41:26.954,1.44755,1.44779,1.50,1.50
2013.08.19 01:41:27.088,1.4475,1.4478,1.13,1.50
2013.08.19 01:41:27.157,1.4475,1.4478,1.13,1.69
2013.08.19 01:41:27.342,1.44752,1.44785,1.50,1.69
2013.08.19 01:41:27.581,1.44749,1.44782,2.25,1.32
2013.08.19 01:41:28.821,1.44751,1.44781,1.50,1.32
2013.08.19 01:41:30.794,1.44749,1.44778,1.50,1.69
2013.08.19 01:41:31.282,1.44749,1.4478,1.50,1.69
2013.08.19 01:41:36.382,1.44749,1.44781,1.69,1.13
2013.08.19 01:41:36.921,1.4475,1.44778,1.32,1.13
2013.08.19 01:41:38.502,1.44749,1.44776,1.50,1.13
2013.08.19 01:41:39.033,1.44748,1.44782,1.50,3.57
2013.08.19 01:41:42.785,1.44752,1.44782,1.32,1.69
2013.08.19 01:41:42.917,1.44752,1.44776,1.32,2.25
2013.08.19 01:41:43.101,1.44738,1.44768,1.32,1.13
2013.08.19 01:41:43.162,1.44738,1.44773,1.32,1.32
2013.08.19 01:41:43.221,1.44738,1.44775,1.32,1.32
2013.08.19 01:41:43.762,1.44741,1.44774,1.69,1.13
2013.08.19 01:41:44.073,1.44742,1.4478,1.32,2.44
2013.08.19 01:41:44.532,1.44743,1.44778,1.32,1.69
2013.08.19 01:41:44.821,1.44742,1.44775,1.32,1.32
2013.08.19 01:41:44.881,1.44742,1.44775,1.32,1.13
2013.08.19 01:41:45.241,1.44742,1.44775,2.07,1.50
2013.08.19 01:41:45.302,1.44742,1.44775,1.32,1.50
2013.08.19 01:41:45.493,1.44742,1.44774,2.07,1.13
2013.08.19 01:41:47.537,1.44744,1.44772,2.07,1.13
2013.08.19 01:41:48.701,1.44744,1.44772,2.82,1.13
2013.08.19 01:41:49.754,1.44744,1.44772,2.63,1.13
2013.08.19 01:41:50.712,1.44743,1.44772,1.32,1.13
2013.08.19 01:41:51.072,1.44742,1.44772,1.32,1.13
2013.08.19 01:41:51.922,1.44742,1.44772,1.32,1.13
2013.08.19 01:41:54.745,1.44745,1.44772,2.44,1.13
2013.08.19 01:41:54.815,1.44746,1.44772,1.69,1.13
2013.08.19 01:41:55.133,1.44749,1.4478,2.25,1.32
2013.08.19 01:41:55.682,1.44749,1.44784,2.25,2.07
2013.08.19 01:41:57.402,1.4475,1.44783,1.50,1.32
2013.08.19 01:42:02.613,1.44749,1.44778,2.25,1.69
2013.08.19 01:42:02.972,1.44749,1.44778,1.50,1.69
2013.08.19 01:42:03.152,1.44749,1.44778,1.50,1.69
2013.08.19 01:42:03.215,1.44741,1.44778,3.19,1.69
2013.08.19 01:42:03.762,1.44741,1.44778,2.44,2.07
2013.08.19 01:42:04.242,1.44742,1.44776,1.69,1.32
2013.08.19 01:42:04.552,1.44741,1.44776,3.19,1.32
2013.08.19 01:42:04.942,1.44744,1.44775,1.69,1.32
2013.08.19 01:42:05.061,1.44744,1.44775,1.50,1.32
2013.08.19 01:42:05.123,1.44744,1.44775,1.50,1.32
2013.08.19 01:42:05.362,1.44744,1.44775,1.50,1.32
2013.08.19 01:42:09.372,1.44744,1.44773,1.69,1.32
2013.08.19 01:42:12.653,1.44745,1.44774,2.44,1.69
2013.08.19 01:42:13.014,1.44755,1.44781,1.69,1.13
2013.08.19 01:42:13.083,1.44751,1.44785,2.44,1.13
2013.08.19 01:42:13.512,1.44751,1.44785,1.69,1.13
2013.08.19 01:42:13.572,1.44754,1.44789,1.32,1.50
2013.08.19 01:42:13.872,1.44754,1.44789,1.32,1.50
2013.08.19 01:42:13.931,1.44754,1.44789,1.32,1.13
2013.08.19 01:42:14.243,1.44754,1.44786,1.32,1.13
2013.08.19 01:42:14.602,1.44754,1.44789,1.32,2.63
2013.08.19 01:42:15.532,1.44756,1.44788,1.69,1.69
2013.08.19 01:42:19.482,1.44756,1.44784,1.50,1.69
2013.08.19 01:42:22.986,1.44753,1.44786,1.50,1.69
2013.08.19 01:42:23.382,1.44749,1.44785,1.32,1.69
2013.08.19 01:42:24.081,1.44751,1.44785,1.50,1.69
2013.08.19 01:42:24.373,1.44749,1.44783,1.32,1.50
2013.08.19 01:42:24.672,1.44749,1.44782,2.07,1.32
2013.08.19 01:42:29.623,1.44753,1.44782,1.32,1.13
2013.08.19 01:42:29.992,1.44756,1.44782,1.69,1.13
2013.08.19 01:42:31.132,1.44756,1.44782,1.69,1.13
2013.08.19 01:42:33.004,1.44756,1.44786,1.69,1.50
2013.08.19 01:42:33.191,1.44757,1.44791,1.50,1.13
2013.08.19 01:42:33.432,1.44757,1.44794,1.50,1.50
2013.08.19 01:42:33.941,1.44768,1.44794,1.50,1.50
2013.08.19 01:42:34.061,1.44771,1.44799,1.13,2.07
2013.08.19 01:42:34.181,1.44774,1.44799,1.13,1.69
2013.08.19 01:42:34.241,1.44775,1.44799,1.13,1.69
2013.08.19 01:42:34.542,1.44775,1.44794,1.13,1.13
2013.08.19 01:42:34.922,1.44774,1.44793,1.13,1.13
2013.08.19 01:42:39.264,1.44769,1.448,1.69,2.82
2013.08.19 01:42:39.511,1.44769,1.44799,2.07,1.50
2013.08.19 01:42:40.428,1.44769,1.44794,1.69,1.13
2013.08.19 01:42:42.032,1.44766,1.448,1.32,2.63
2013.08.19 01:42:42.152,1.44771,1.44799,1.32,1.69
2013.08.19 01:42:42.212,1.44771,1.44799,1.32,1.69
2013.08.19 01:42:42.751,1.44774,1.44795,1.13,2.44
2013.08.19 01:42:44.591,1.44774,1.44795,1.13,1.50
2013.08.19 01:42:56.753,1.44773,1.44799,1.32,1.28
2013.08.19 01:42:57.112,1.44777,1.44798,1.13,1.13
2013.08.19 01:42:57.384,1.44775,1.44799,1.32,1.13
2013.08.19 01:42:57.621,1.44778,1.44806,1.69,1.13
2013.08.19 01:42:57.741,1.44778,1.44809,1.69,2.63
2013.08.19 01:42:57.801,1.44778,1.44809,1.69,2.63
2013.08.19 01:42:58.112,1.44779,1.44809,1.32,2.82
2013.08.19 01:42:58.422,1.44779,1.44808,1.13,1.69
2013.08.19 01:42:59.441,1.44779,1.44808,1.13,1.69
2013.08.19 01:43:18.033,1.44775,1.44802,1.50,1.69
2013.08.19 01:43:21.706,1.44775,1.44802,1.50,1.50
2013.08.19 01:43:22.013,1.44775,1.44805,1.50,1.32
2013.08.19 01:43:59.484,1.44783,1.44811,1.69,1.50
2013.08.19 01:44:10.187,1.4478,1.4481,2.82,1.13
2013.08.19 01:44:10.252,1.4478,1.4481,2.82,1.88
2013.08.19 01:44:10.862,1.4478,1.44812,3.57,1.69
2013.08.19 01:44:18.043,1.44783,1.44811,1.50,1.69
2013.08.19 01:44:18.165,1.4479,1.44807,1.13,1.13
2013.08.19 01:44:18.233,1.4479,1.44812,1.13,1.69
2013.08.19 01:44:18.303,1.4479,1.44812,1.13,1.13
2013.08.19 01:44:18.723,1.44793,1.44815,1.69,1.13
2013.08.19 01:44:18.844,1.44793,1.44819,1.69,1.13
2013.08.19 01:44:19.084,1.44793,1.4482,1.69,1.13
2013.08.19 01:44:19.272,1.44793,1.4482,1.69,1.13
2013.08.19 01:44:19.843,1.44795,1.44826,1.69,2.44
2013.08.19 01:44:20.263,1.44795,1.44825,1.69,1.50
2013.08.19 01:44:20.682,1.44795,1.44825,1.69,1.50
2013.08.19 01:44:21.052,1.44795,1.44823,1.69,1.50
2013.08.19 01:44:21.172,1.44798,1.44817,1.32,1.50
2013.08.19 01:44:21.532,1.44795,1.44815,1.32,1.50
2013.08.19 01:44:21.893,1.44793,1.44814,1.13,1.50
2013.08.19 01:44:21.952,1.44791,1.44814,1.13,1.50
2013.08.19 01:44:22.553,1.44791,1.44812,1.13,1.50
2013.08.19 01:44:31.727,1.44797,1.44815,1.13,1.69
2013.08.19 01:44:31.914,1.44788,1.44812,1.32,1.50
2013.08.19 01:44:33.326,1.44788,1.44813,1.32,1.13
2013.08.19 01:44:33.393,1.44788,1.44812,1.32,1.50
2013.08.19 01:44:33.992,1.44788,1.44812,1.32,1.50
2013.08.19 01:44:34.352,1.44786,1.44807,1.13,1.13
2013.08.19 01:44:34.471,1.44786,1.44807,1.13,1.13
2013.08.19 01:44:35.131,1.4478,1.44807,1.13,1.13
2013.08.19 01:44:35.371,1.4478,1.44807,1.13,1.13
2013.08.19 01:44:35.492,1.4478,1.44807,1.13,1.13
2013.08.19 01:44:35.611,1.4478,1.44809,1.13,1.50
2013.08.19 01:44:38.131,1.44785,1.44812,1.13,1.50
2013.08.19 01:44:39.032,1.44785,1.44809,1.13,1.50
2013.08.19 01:44:39.962,1.44785,1.44812,1.13,1.50
2013.08.19 01:44:40.911,1.44785,1.44817,2.63,1.88
2013.08.19 01:44:41.882,1.44785,1.44817,2.07,1.88
2013.08.19 01:44:43.333,1.44785,1.44818,2.63,1.13
2013.08.19 01:44:43.571,1.44793,1.44818,1.13,1.50
2013.08.19 01:44:43.751,1.44792,1.44826,1.13,1.88
2013.08.19 01:44:43.992,1.44792,1.44827,1.13,2.63
2013.08.19 01:44:44.371,1.44792,1.44826,1.13,1.13
2013.08.19 01:44:45.311,1.44794,1.44826,1.50,1.50
2013.08.19 01:44:49.217,1.44794,1.44822,1.69,1.50
2013.08.19 01:44:51.663,1.44793,1.44818,1.50,1.69
2013.08.19 01:44:52.684,1.44794,1.44817,1.50,3.38
2013.08.19 01:45:02.412,1.44793,1.44816,1.50,1.50
2013.08.19 01:45:12.772,1.44788,1.44816,1.50,1.69
2013.08.19 01:45:16.904,1.44787,1.44813,1.13,1.50
2013.08.19 01:45:17.154,1.44788,1.44813,1.50,1.50
2013.08.19 01:45:26.516,1.44793,1.44812,1.50,1.69
2013.08.19 01:45:26.643,1.4479,1.44812,1.50,1.69
2013.08.19 01:45:26.763,1.4479,1.44814,1.50,1.50
2013.08.19 01:45:26.822,1.4479,1.44813,1.50,1.50
2013.08.19 01:45:26.883,1.4479,1.44816,1.50,1.69
2013.08.19 01:45:27.004,1.4479,1.44816,1.50,1.69
2013.08.19 01:45:30.572,1.44793,1.44817,1.13,1.69
2013.08.19 01:45:31.403,1.44791,1.44817,1.13,2.44
2013.08.19 01:45:31.954,1.44791,1.44817,1.13,1.69
2013.08.19 01:45:34.440,1.4479,1.44814,1.69,1.13
2013.08.19 01:45:34.575,1.4479,1.44817,1.69,1.50
2013.08.19 01:45:50.502,1.4479,1.44816,1.50,1.69
2013.08.19 01:45:51.872,1.4479,1.44817,1.50,2.44
2013.08.19 01:45:55.482,1.4479,1.44816,1.50,1.69
2013.08.19 01:45:57.131,1.4479,1.44817,1.50,1.69
2013.08.19 01:46:05.562,1.4479,1.44814,1.50,1.69
2013.08.19 01:46:07.182,1.4479,1.44813,1.50,1.69
2013.08.19 01:46:08.302,1.4479,1.44813,1.50,1.69
2013.08.19 01:46:10.251,1.4479,1.44813,1.50,1.69
2013.08.19 01:46:12.964,1.4479,1.44813,1.50,1.69
2013.08.19 01:46:13.202,1.4479,1.44813,1.50,1.69
2013.08.19 01:46:14.593,1.4479,1.44813,1.50,1.69
2013.08.19 01:46:16.292,1.4479,1.44817,1.50,1.69
2013.08.19 01:46:26.462,1.44783,1.44814,1.88,1.69
2013.08.19 01:46:26.641,1.44782,1.44815,1.50,2.07
2013.08.19 01:46:28.622,1.44788,1.44813,1.13,1.69
2013.08.19 01:46:28.922,1.44788,1.44817,1.13,3.19
2013.08.19 01:46:29.423,1.44788,1.4482,1.13,1.69
2013.08.19 01:46:33.992,1.44789,1.44817,1.50,2.82
2013.08.19 01:46:34.293,1.44789,1.44816,1.50,1.69
2013.08.19 01:46:34.354,1.44789,1.44814,1.50,1.69
2013.08.19 01:46:35.394,1.44789,1.44816,1.50,1.69
2013.08.19 01:46:35.717,1.44789,1.44817,1.50,2.44
2013.08.19 01:46:35.784,1.44789,1.44816,1.13,2.44
2013.08.19 01:46:36.094,1.44784,1.44812,1.13,1.13
2013.08.19 01:46:36.453,1.44783,1.44807,1.13,1.13
2013.08.19 01:46:36.634,1.44778,1.44807,1.50,2.82
2013.08.19 01:46:37.919,1.44772,1.44806,1.88,2.82
2013.08.19 01:46:38.463,1.44779,1.44806,1.88,1.50
2013.08.19 01:46:50.391,1.44778,1.44806,1.50,2.44
2013.08.19 01:46:50.512,1.44778,1.44802,1.50,1.32
2013.08.19 01:46:51.591,1.44773,1.44801,1.50,1.69
2013.08.19 01:46:54.480,1.44771,1.44801,1.13,2.44
2013.08.19 01:46:54.816,1.44771,1.44797,1.13,1.69
2013.08.19 01:46:55.532,1.44768,1.44797,1.88,1.69
2013.08.19 01:46:55.752,1.44768,1.44797,1.50,1.69
2013.08.19 01:46:55.972,1.44766,1.44797,1.13,1.69
2013.08.19 01:46:56.383,1.44766,1.44798,1.13,2.07
2013.08.19 01:46:56.442,1.44767,1.44799,1.13,1.69
2013.08.19 01:46:56.561,1.44771,1.44798,1.50,1.69
2013.08.19 01:47:06.182,1.44771,1.44795,1.50,1.13
2013.08.19 01:47:06.302,1.44771,1.44796,1.50,1.69
2013.08.19 01:47:06.362,1.44765,1.44795,1.13,2.44
2013.08.19 01:47:07.973,1.44765,1.44793,1.13,1.69
2013.08.19 01:47:10.121,1.44765,1.44793,1.13,1.69
2013.08.19 01:47:10.362,1.44763,1.44792,1.13,1.69
2013.08.19 01:47:18.715,1.44763,1.44792,1.13,2.44
2013.08.19 01:47:18.784,1.44761,1.44792,1.69,1.69
2013.08.19 01:47:19.393,1.44768,1.44793,1.50,2.82
2013.08.19 01:47:19.573,1.44768,1.44793,1.50,1.69
2013.08.19 01:47:24.063,1.44763,1.44788,1.13,1.50
2013.08.19 01:47:24.363,1.44754,1.44785,1.13,1.50
2013.08.19 01:47:24.543,1.44753,1.44785,1.32,1.50
2013.08.19 01:47:25.103,1.44749,1.44784,1.32,1.50
2013.08.19 01:47:26.143,1.4475,1.44783,1.69,1.13
2013.08.19 01:47:26.610,1.44753,1.44783,1.69,1.13
2013.08.19 01:47:27.213,1.44748,1.44778,2.44,1.13
2013.08.19 01:47:27.753,1.44749,1.44779,2.07,1.13
2013.08.19 01:47:44.343,1.44749,1.44781,2.44,1.13
2013.08.19 01:47:45.004,1.44755,1.44784,1.32,1.50
2013.08.19 01:47:45.332,1.4476,1.44784,1.69,1.50
2013.08.19 01:47:50.999,1.44757,1.44786,1.69,1.13
2013.08.19 01:47:52.053,1.44755,1.44786,2.07,1.13
2013.08.19 01:47:53.613,1.44755,1.44786,1.32,1.32
2013.08.19 01:47:56.484,1.44757,1.44786,1.69,1.13
2013.08.19 01:47:57.633,1.44755,1.44784,1.32,1.50
2013.08.19 01:48:13.303,1.44754,1.44784,1.69,1.50
2013.08.19 01:48:26.758,1.4476,1.44789,2.07,1.50
2013.08.19 01:48:49.172,1.44758,1.44781,1.69,1.13
2013.08.19 01:48:49.233,1.44756,1.44781,1.69,1.13
2013.08.19 01:48:49.653,1.44756,1.44787,1.32,1.69
2013.08.19 01:48:49.773,1.44756,1.44789,1.32,1.69
2013.08.19 01:48:54.882,1.44756,1.44787,2.44,2.25
2013.08.19 01:48:59.879,1.44756,1.44788,1.32,2.25
2013.08.19 01:49:00.233,1.44756,1.44789,2.07,1.69
2013.08.19 01:49:00.293,1.44756,1.44786,1.69,1.50
2013.08.19 01:49:00.653,1.44752,1.44782,1.32,1.50
2013.08.19 01:49:12.123,1.44753,1.44778,2.07,1.13
2013.08.19 01:49:12.363,1.44753,1.44778,1.13,1.13
2013.08.19 01:49:19.185,1.44752,1.44782,1.32,1.50
2013.08.19 01:49:23.698,1.44751,1.44782,1.32,1.69
2013.08.19 01:49:23.838,1.44752,1.44777,1.69,2.63
2013.08.19 01:49:23.904,1.44751,1.44777,1.32,3.38
2013.08.19 01:49:24.083,1.44751,1.44776,1.13,1.69
2013.08.19 01:49:24.384,1.44748,1.44772,2.25,1.69
2013.08.19 01:49:24.454,1.44747,1.44772,1.50,1.69
2013.08.19 01:49:24.635,1.44748,1.44772,1.50,1.69
2013.08.19 01:49:25.182,1.44747,1.44768,2.25,1.13
2013.08.19 01:49:25.242,1.44747,1.44768,1.50,1.13
2013.08.19 01:49:25.774,1.44747,1.44769,1.50,1.13
2013.08.19 01:49:25.834,1.44747,1.44769,1.69,1.13
2013.08.19 01:49:26.393,1.44745,1.44768,3.94,1.13
2013.08.19 01:49:26.874,1.44748,1.44767,1.69,1.13
2013.08.19 01:49:27.413,1.44748,1.44769,1.69,2.25
2013.08.19 01:49:28.323,1.44746,1.44769,1.32,1.50
2013.08.19 01:49:28.873,1.44748,1.44769,2.44,1.50
2013.08.19 01:49:33.434,1.44748,1.44772,2.44,1.50
2013.08.19 01:49:33.494,1.44749,1.44772,1.69,1.50
2013.08.19 01:49:33.824,1.44753,1.44776,1.69,1.13
2013.08.19 01:49:36.003,1.44754,1.4478,1.69,1.13
2013.08.19 01:49:36.182,1.44754,1.44782,1.69,1.50
2013.08.19 01:49:36.482,1.44754,1.44783,1.69,1.13
2013.08.19 01:49:38.036,1.44757,1.44782,1.69,1.50
2013.08.19 01:49:39.104,1.44753,1.44781,1.69,1.50
2013.08.19 01:49:40.423,1.44757,1.44782,1.50,1.50
2013.08.19 01:49:41.552,1.44757,1.44782,1.69,1.50
2013.08.19 01:49:41.912,1.44757,1.44782,1.69,1.50
2013.08.19 01:49:42.642,1.44753,1.44781,2.44,1.50
2013.08.19 01:49:43.474,1.44753,1.44781,1.69,1.50
2013.08.19 01:49:47.713,1.44753,1.44777,1.69,1.13
2013.08.19 01:49:47.894,1.44753,1.4478,1.69,1.50
2013.08.19 01:49:48.402,1.44751,1.44778,1.69,1.88
2013.08.19 01:49:48.582,1.44748,1.44777,2.07,1.13
2013.08.19 01:49:49.202,1.44748,1.44777,2.07,1.88
2013.08.19 01:49:49.762,1.44748,1.44777,2.07,1.88
2013.08.19 01:49:49.882,1.44748,1.44777,2.07,1.88
2013.08.19 01:49:50.243,1.44748,1.44777,2.07,1.88
2013.08.19 01:49:50.432,1.44748,1.44777,2.07,1.88
2013.08.19 01:49:50.693,1.44748,1.44777,2.07,1.88
2013.08.19 01:49:51.133,1.44748,1.44777,1.69,1.88
2013.08.19 01:49:51.373,1.44748,1.44776,1.69,1.13
2013.08.19 01:49:58.163,1.44744,1.44774,2.07,1.13
2013.08.19 01:49:58.344,1.44744,1.44767,1.32,1.13
2013.08.19 01:49:58.582,1.44744,1.44765,1.32,1.50
2013.08.19 01:49:58.642,1.44744,1.44765,1.13,1.50
2013.08.19 01:49:58.763,1.44741,1.44767,1.69,1.13
2013.08.19 01:49:59.123,1.44741,1.44765,1.69,1.50
2013.08.19 01:49:59.494,1.44738,1.44765,1.69,1.50
2013.08.19 01:50:00.274,1.44739,1.44765,1.69,1.50
2013.08.19 01:50:00.902,1.44738,1.44765,1.69,1.69
2013.08.19 01:50:01.083,1.44741,1.44767,1.50,2.25
2013.08.19 01:50:03.499,1.44738,1.44762,1.69,1.13
2013.08.19 01:50:08.836,1.44735,1.44765,1.69,2.63
2013.08.19 01:50:08.965,1.44732,1.44757,1.35,1.13
2013.08.19 01:50:09.154,1.44731,1.44755,1.50,1.32
2013.08.19 01:50:09.275,1.44723,1.44755,1.50,1.32
2013.08.19 01:50:09.343,1.44723,1.44751,1.50,1.69
2013.08.19 01:50:09.403,1.44722,1.44751,1.50,2.44
2013.08.19 01:50:09.523,1.44718,1.44744,1.13,1.69
2013.08.19 01:50:09.583,1.44718,1.44744,1.13,1.69
2013.08.19 01:50:09.643,1.44718,1.44744,1.13,1.69
2013.08.19 01:50:09.703,1.44712,1.44739,2.25,1.69
2013.08.19 01:50:09.885,1.44712,1.44739,2.25,1.69
2013.08.19 01:50:09.962,1.44708,1.44735,1.50,1.69
2013.08.19 01:50:10.280,1.44702,1.44731,1.13,1.69
2013.08.19 01:50:10.561,1.44695,1.44727,1.69,1.69
2013.08.19 01:50:11.824,1.44694,1.44727,2.44,1.69
2013.08.19 01:50:12.434,1.44697,1.44724,1.69,1.32
2013.08.19 01:50:12.983,1.44698,1.44725,1.50,1.13
2013.08.19 01:50:14.182,1.44698,1.44722,2.44,1.50
2013.08.19 01:50:14.423,1.44702,1.44728,1.50,1.32
2013.08.19 01:50:14.482,1.44703,1.44732,1.32,1.69
2013.08.19 01:50:14.722,1.44703,1.44733,1.32,1.69
2013.08.19 01:50:14.843,1.44702,1.44733,1.32,1.69
2013.08.19 01:50:19.364,1.44705,1.44728,1.50,1.50
2013.08.19 01:50:19.723,1.44708,1.44728,1.69,1.50
2013.08.19 01:50:20.158,1.44709,1.44728,2.44,1.50
2013.08.19 01:50:20.834,1.44708,1.44728,1.32,1.50
2013.08.19 01:50:21.356,1.44708,1.44728,1.32,1.50
2013.08.19 01:50:21.664,1.44705,1.44732,2.44,1.50
2013.08.19 01:50:22.178,1.44705,1.44732,1.69,1.50
2013.08.19 01:50:22.864,1.44705,1.44728,1.69,1.50
2013.08.19 01:50:30.283,1.44706,1.44732,1.69,1.50
2013.08.19 01:50:31.174,1.44706,1.44732,1.69,1.50
2013.08.19 01:50:31.533,1.44703,1.44728,1.69,1.50
2013.08.19 01:50:31.593,1.44704,1.44728,1.69,1.50
2013.08.19 01:50:31.894,1.44707,1.44732,1.50,1.69
2013.08.19 01:50:32.192,1.4471,1.44732,1.32,1.50
2013.08.19 01:50:34.014,1.44711,1.44735,1.50,1.50
2013.08.19 01:50:35.112,1.44709,1.44736,1.69,2.63
2013.08.19 01:50:35.792,1.44708,1.44733,1.69,1.88
2013.08.19 01:50:36.344,1.44708,1.44733,1.69,1.88
2013.08.19 01:50:36.668,1.44703,1.4473,2.44,1.50
2013.08.19 01:50:37.394,1.44703,1.4473,1.69,1.50
2013.08.19 01:50:37.634,1.44706,1.44732,2.25,1.69
2013.08.19 01:50:39.075,1.44706,1.4473,2.44,1.50
2013.08.19 01:50:39.134,1.44706,1.4473,2.44,1.50
2013.08.19 01:50:41.304,1.44703,1.4473,1.69,1.50
2013.08.19 01:50:42.037,1.44703,1.4473,1.69,1.50
2013.08.19 01:50:43.121,1.44703,1.4473,1.69,1.50
2013.08.19 01:50:43.674,1.44703,1.4473,1.50,1.69
2013.08.19 01:50:43.733,1.44703,1.44725,1.50,1.13
2013.08.19 01:50:49.652,1.44699,1.44727,1.50,1.32
2013.08.19 01:50:54.956,1.44703,1.44732,1.69,1.69
2013.08.19 01:50:59.593,1.44704,1.44734,2.44,1.32
2013.08.19 01:51:00.133,1.44711,1.44741,1.69,1.32
2013.08.19 01:51:00.824,1.44712,1.44741,1.69,1.32
2013.08.19 01:51:01.124,1.44712,1.44741,1.69,2.07
2013.08.19 01:51:05.464,1.44711,1.44735,1.69,1.50
2013.08.19 01:51:05.787,1.44711,1.44735,1.13,1.69
2013.08.19 01:51:05.854,1.44705,1.44736,1.32,2.44
2013.08.19 01:51:05.974,1.44703,1.44733,1.32,1.69
2013.08.19 01:51:06.044,1.44702,1.44733,1.32,2.07
2013.08.19 01:51:06.110,1.44698,1.44731,1.69,1.32
2013.08.19 01:51:06.413,1.44695,1.44727,1.69,1.32
2013.08.19 01:51:08.768,1.44703,1.4472,1.13,1.50
2013.08.19 01:51:08.835,1.44702,1.4472,1.13,1.50
2013.08.19 01:51:21.035,1.44696,1.44726,1.69,1.13
2013.08.19 01:51:21.645,1.447,1.44717,1.69,1.50
2013.08.19 01:51:21.713,1.447,1.44726,1.69,1.13
2013.08.19 01:51:21.953,1.447,1.44717,1.69,1.50
2013.08.19 01:51:26.094,1.44698,1.44717,1.69,1.50
2013.08.19 01:51:26.213,1.44698,1.44726,1.69,1.13
2013.08.19 01:51:26.534,1.44698,1.44726,1.69,1.13
2013.08.19 01:51:26.653,1.44697,1.44726,2.44,1.32
2013.08.19 01:51:27.314,1.44697,1.44726,1.69,1.69
2013.08.19 01:51:27.793,1.44698,1.44726,2.07,1.32
2013.08.19 01:51:28.095,1.44698,1.44717,1.88,1.13
2013.08.19 01:51:28.463,1.44698,1.44722,1.13,1.69
2013.08.19 01:51:30.854,1.44694,1.44717,1.13,1.13
2013.08.19 01:51:31.608,1.44694,1.44717,1.13,1.32
2013.08.19 01:51:36.035,1.44694,1.44717,1.13,2.07
2013.08.19 01:51:36.152,1.44693,1.44717,1.13,2.07
