2016.03.17 12:00:01.265,1.39035,1.39082,1.00,1.00
2016.03.17 12:00:02.377,1.39035,1.39087,1.00,1.00
2016.03.17 12:00:02.428,1.39035,1.39092,1.00,1.00
2016.03.17 12:00:03.750,1.3904,1.39092,1.00,1.00
2016.03.17 12:00:03.967,1.39044,1.39101,1.37,1.00
2016.03.17 12:00:04.019,1.39044,1.39105,1.37,1.00
2016.03.17 12:00:04.071,1.39044,1.39101,1.37,1.00
2016.03.17 12:00:04.122,1.39044,1.3911,1.37,1.00
2016.03.17 12:00:04.174,1.39044,1.39126,1.37,1.00
2016.03.17 12:00:04.225,1.39044,1.3913,1.37,1.00
2016.03.17 12:00:04.379,1.39049,1.39122,1.00,1.00
2016.03.17 12:00:04.531,1.39049,1.3913,1.00,1.00
2016.03.17 12:00:04.684,1.39053,1.39124,1.00,1.00
2016.03.17 12:00:06.130,1.39056,1.3912,1.00,1.00
2016.03.17 12:00:08.208,1.39056,1.39118,1.50,1.00
2016.03.17 12:00:08.513,1.39057,1.3912,2.25,1.00
2016.03.17 12:00:08.717,1.39083,1.39129,1.00,1.50
2016.03.17 12:00:08.841,1.39083,1.39132,1.00,1.00
2016.03.17 12:00:08.995,1.39083,1.39137,1.37,1.00
2016.03.17 12:00:09.047,1.39094,1.39139,1.00,1.00
2016.03.17 12:00:09.149,1.39083,1.39144,1.00,1.00
2016.03.17 12:00:09.252,1.39082,1.39146,1.87,1.00
2016.03.17 12:00:09.304,1.39087,1.39148,1.00,1.00
2016.03.17 12:00:09.609,1.39101,1.39154,2.25,1.00
2016.03.17 12:00:09.918,1.39101,1.3915,2.25,1.00
2016.03.17 12:00:10.021,1.39095,1.39149,1.37,1.00
2016.03.17 12:00:10.123,1.39112,1.39149,1.00,1.00
2016.03.17 12:00:10.225,1.39094,1.39149,1.37,1.00
2016.03.17 12:00:10.479,1.39092,1.39145,1.50,1.00
2016.03.17 12:00:10.582,1.39093,1.39148,1.37,1.00
2016.03.17 12:00:11.131,1.39091,1.39145,1.75,1.00
2016.03.17 12:00:11.284,1.39087,1.39149,1.75,1.00
2016.03.17 12:00:11.589,1.39087,1.39147,1.75,1.00
2016.03.17 12:00:11.843,1.39082,1.39147,1.37,1.00
2016.03.17 12:00:11.996,1.39081,1.39143,1.87,1.00
2016.03.17 12:00:12.304,1.39081,1.39143,1.37,1.37
2016.03.17 12:00:12.610,1.39081,1.39144,1.87,1.00
2016.03.17 12:00:12.713,1.39085,1.39149,1.50,1.00
2016.03.17 12:00:13.222,1.39084,1.39148,1.37,1.00
2016.03.17 12:00:13.754,1.39083,1.39149,1.37,1.00
2016.03.17 12:00:13.908,1.39084,1.39148,1.75,1.37
2016.03.17 12:00:14.011,1.39085,1.39148,1.00,1.00
2016.03.17 12:00:14.062,1.39093,1.3914,1.00,1.00
2016.03.17 12:00:14.165,1.39083,1.39144,1.37,1.00
2016.03.17 12:00:14.512,1.39084,1.39143,1.87,1.37
2016.03.17 12:00:14.614,1.39083,1.39136,1.37,1.37
2016.03.17 12:00:15.328,1.39093,1.3914,1.37,1.00
2016.03.17 12:00:15.380,1.39093,1.39147,1.37,1.37
2016.03.17 12:00:15.547,1.39089,1.39148,1.37,1.37
2016.03.17 12:00:15.854,1.39081,1.39132,1.50,1.37
2016.03.17 12:00:16.363,1.39079,1.39129,1.37,1.12
2016.03.17 12:00:16.691,1.39084,1.3913,1.37,1.12
2016.03.17 12:00:17.199,1.39081,1.39129,1.75,1.00
2016.03.17 12:00:17.532,1.3908,1.39126,1.12,1.00
2016.03.17 12:00:17.993,1.3908,1.39129,1.12,1.12
2016.03.17 12:00:18.524,1.39087,1.39129,1.37,1.00
2016.03.17 12:00:18.576,1.39088,1.39134,1.37,1.50
2016.03.17 12:00:18.678,1.39087,1.39137,1.37,1.00
2016.03.17 12:00:18.729,1.39093,1.39137,1.12,1.00
2016.03.17 12:00:18.780,1.39093,1.39139,1.12,1.12
2016.03.17 12:00:18.832,1.39091,1.39139,1.12,1.37
2016.03.17 12:00:18.934,1.39093,1.39138,1.12,1.00
2016.03.17 12:00:19.240,1.39086,1.39137,1.50,1.00
2016.03.17 12:00:19.343,1.39086,1.39137,1.50,1.37
2016.03.17 12:00:19.722,1.39086,1.39137,1.50,1.00
2016.03.17 12:00:19.949,1.3909,1.39137,1.37,1.00
2016.03.17 12:00:20.255,1.39088,1.39137,1.37,1.37
2016.03.17 12:00:20.358,1.39086,1.39134,1.00,1.37
2016.03.17 12:00:20.461,1.39086,1.39131,1.00,1.00
2016.03.17 12:00:21.003,1.39082,1.39132,1.75,1.87
2016.03.17 12:00:21.472,1.39078,1.39126,1.00,1.37
2016.03.17 12:00:21.574,1.39076,1.39124,1.50,1.37
2016.03.17 12:00:21.829,1.39076,1.39122,1.12,1.37
2016.03.17 12:00:21.931,1.39076,1.39117,1.50,1.00
2016.03.17 12:00:21.983,1.39076,1.39119,1.50,1.12
2016.03.17 12:00:22.136,1.39076,1.39119,1.12,1.37
2016.03.17 12:00:22.341,1.39068,1.39111,1.00,1.37
2016.03.17 12:00:22.393,1.39068,1.39107,1.00,1.00
2016.03.17 12:00:22.496,1.39069,1.39112,1.37,1.00
2016.03.17 12:00:22.547,1.39068,1.39112,1.37,1.00
2016.03.17 12:00:22.664,1.39074,1.39122,1.37,1.00
2016.03.17 12:00:22.766,1.39069,1.39117,1.75,1.37
2016.03.17 12:00:22.869,1.39069,1.39117,1.87,1.37
2016.03.17 12:00:23.479,1.39068,1.39115,2.25,1.00
2016.03.17 12:00:23.582,1.39068,1.39116,1.87,1.37
2016.03.17 12:00:23.897,1.39068,1.39109,1.37,1.00
2016.03.17 12:00:24.256,1.39068,1.39109,1.37,1.00
2016.03.17 12:00:24.512,1.39082,1.39126,1.37,1.00
2016.03.17 12:00:24.880,1.39083,1.39126,1.37,1.00
2016.03.17 12:00:25.189,1.39116,1.39132,1.37,1.00
2016.03.17 12:00:25.241,1.39116,1.3914,1.37,1.00
2016.03.17 12:00:25.293,1.39116,1.39147,1.37,1.00
2016.03.17 12:00:25.398,1.39117,1.39159,1.00,1.75
2016.03.17 12:00:25.501,1.39101,1.3915,1.35,1.37
2016.03.17 12:00:25.634,1.39101,1.3915,1.35,1.87
2016.03.17 12:00:25.686,1.39092,1.39136,1.73,1.37
2016.03.17 12:00:25.892,1.39083,1.39134,1.35,1.37
2016.03.17 12:00:25.997,1.39082,1.39133,1.35,1.00
2016.03.17 12:00:26.100,1.39085,1.3913,1.35,1.00
2016.03.17 12:00:26.304,1.39085,1.39133,1.35,1.00
2016.03.17 12:00:26.407,1.39085,1.39134,1.85,1.50
2016.03.17 12:00:26.719,1.39099,1.39138,1.35,1.00
2016.03.17 12:00:27.026,1.391,1.39138,1.35,1.00
2016.03.17 12:00:27.179,1.39108,1.39161,1.35,1.37
2016.03.17 12:00:27.556,1.39109,1.39159,1.35,1.00
2016.03.17 12:00:27.863,1.39118,1.3917,1.35,1.37
2016.03.17 12:00:28.170,1.39135,1.3918,1.35,1.87
2016.03.17 12:00:28.500,1.39175,1.39185,1.35,1.00
2016.03.17 12:00:28.655,1.39176,1.39206,1.35,1.00
2016.03.17 12:00:28.758,1.3918,1.39218,1.35,1.00
2016.03.17 12:00:28.810,1.39179,1.39218,1.35,1.00
2016.03.17 12:00:28.913,1.3918,1.39218,1.35,1.00
2016.03.17 12:00:28.965,1.3919,1.39227,1.10,1.00
2016.03.17 12:00:29.017,1.3919,1.39229,1.85,1.00
2016.03.17 12:00:29.119,1.39201,1.39229,1.35,1.00
2016.03.17 12:00:29.171,1.39205,1.39249,1.35,1.00
2016.03.17 12:00:29.222,1.39214,1.39242,1.10,1.00
2016.03.17 12:00:29.333,1.39215,1.39254,1.73,1.00
2016.03.17 12:00:29.384,1.39222,1.39254,1.35,1.00
2016.03.17 12:00:29.436,1.39222,1.39261,1.35,1.00
2016.03.17 12:00:29.488,1.39218,1.3927,1.37,1.28
2016.03.17 12:00:29.692,1.39214,1.39265,1.10,1.78
2016.03.17 12:00:30.001,1.39221,1.39253,1.00,1.28
2016.03.17 12:00:30.053,1.39209,1.39241,1.00,1.00
2016.03.17 12:00:30.178,1.39187,1.39228,1.85,1.12
2016.03.17 12:00:30.230,1.39187,1.39221,1.37,1.03
2016.03.17 12:00:30.281,1.39187,1.39221,1.37,1.03
2016.03.17 12:00:30.384,1.39184,1.39221,1.00,1.03
2016.03.17 12:00:30.486,1.39181,1.39217,1.00,1.00
2016.03.17 12:00:30.538,1.39181,1.39217,1.00,1.75
2016.03.17 12:00:30.844,1.3916,1.39194,1.00,1.03
2016.03.17 12:00:31.167,1.39156,1.39184,1.10,1.50
2016.03.17 12:00:31.270,1.39162,1.39206,1.00,1.78
2016.03.17 12:00:31.322,1.39162,1.39206,1.35,1.78
2016.03.17 12:00:31.628,1.3917,1.39215,1.00,2.16
2016.03.17 12:00:31.847,1.39169,1.39211,1.35,1.00
2016.03.17 12:00:31.899,1.39201,1.39216,1.35,1.00
2016.03.17 12:00:31.950,1.39204,1.39224,1.35,1.50
2016.03.17 12:00:32.002,1.39205,1.39224,1.35,1.50
2016.03.17 12:00:32.055,1.39216,1.39257,1.00,1.00
2016.03.17 12:00:32.106,1.3922,1.39266,1.35,1.00
2016.03.17 12:00:32.412,1.39222,1.39267,1.37,1.78
2016.03.17 12:00:32.578,1.3921,1.39248,1.10,1.00
2016.03.17 12:00:32.733,1.39209,1.39249,1.35,1.41
2016.03.17 12:00:32.785,1.39209,1.39246,1.00,1.12
2016.03.17 12:00:32.888,1.39209,1.39249,1.35,1.03
2016.03.17 12:00:32.939,1.39205,1.39253,1.35,1.66
2016.03.17 12:00:33.042,1.39214,1.39256,1.00,1.03
2016.03.17 12:00:33.093,1.39214,1.39256,1.35,1.03
2016.03.17 12:00:33.373,1.3921,1.39255,1.35,1.28
2016.03.17 12:00:33.579,1.3921,1.39254,1.35,1.28
2016.03.17 12:00:33.682,1.39214,1.39254,1.35,1.03
2016.03.17 12:00:33.989,1.39215,1.39254,1.35,1.00
2016.03.17 12:00:34.093,1.3921,1.39259,1.35,1.00
2016.03.17 12:00:34.145,1.3921,1.39263,2.23,1.00
2016.03.17 12:00:34.263,1.39209,1.39266,2.60,1.00
2016.03.17 12:00:34.571,1.39216,1.39269,1.00,1.66
2016.03.17 12:00:35.082,1.39214,1.3927,1.35,1.03
2016.03.17 12:00:35.256,1.39215,1.39269,1.85,1.37
2016.03.17 12:00:35.562,1.39214,1.39273,2.60,2.25
2016.03.17 12:00:35.665,1.39221,1.39275,1.35,1.00
2016.03.17 12:00:35.767,1.39231,1.39278,1.00,1.00
2016.03.17 12:00:35.819,1.39235,1.39278,1.35,1.00
2016.03.17 12:00:35.870,1.39235,1.39283,1.35,1.00
2016.03.17 12:00:35.922,1.3924,1.39284,1.35,1.00
2016.03.17 12:00:36.302,1.39242,1.39284,1.35,1.00
2016.03.17 12:00:36.560,1.39251,1.39294,1.35,1.03
2016.03.17 12:00:36.612,1.39251,1.39294,1.35,1.00
2016.03.17 12:00:36.715,1.39248,1.39294,1.85,1.03
2016.03.17 12:00:36.767,1.39255,1.39294,1.00,1.03
2016.03.17 12:00:37.134,1.39251,1.39307,1.10,1.28
2016.03.17 12:00:37.185,1.39255,1.39311,1.00,1.03
2016.03.17 12:00:37.237,1.39255,1.39311,1.35,1.03
2016.03.17 12:00:37.440,1.39253,1.39309,1.12,1.28
2016.03.17 12:00:37.543,1.39251,1.39306,1.00,1.28
2016.03.17 12:00:37.816,1.39252,1.39304,1.50,1.00
2016.03.17 12:00:38.121,1.39252,1.39307,1.33,2.25
2016.03.17 12:00:38.427,1.39248,1.39301,1.33,1.37
2016.03.17 12:00:38.706,1.39239,1.39287,1.87,1.50
2016.03.17 12:00:38.758,1.39239,1.39271,1.00,1.00
2016.03.17 12:00:38.809,1.39228,1.39271,1.37,1.00
2016.03.17 12:00:38.861,1.39231,1.39269,1.00,1.00
2016.03.17 12:00:38.965,1.39217,1.3927,1.70,1.00
2016.03.17 12:00:39.017,1.39217,1.39271,1.70,1.78
2016.03.17 12:00:39.324,1.39206,1.39247,1.12,1.28
2016.03.17 12:00:39.442,1.39198,1.39243,1.00,1.28
2016.03.17 12:00:39.545,1.39198,1.39237,1.00,1.28
2016.03.17 12:00:39.597,1.39191,1.39237,1.00,1.28
2016.03.17 12:00:39.700,1.39193,1.39234,1.00,1.66
2016.03.17 12:00:40.008,1.39183,1.39219,1.00,1.41
2016.03.17 12:00:40.105,1.39176,1.39219,1.00,1.66
2016.03.17 12:00:40.157,1.39176,1.39223,1.00,1.28
2016.03.17 12:00:40.312,1.39171,1.39211,1.70,1.00
2016.03.17 12:00:40.521,1.39171,1.39214,1.75,1.00
2016.03.17 12:00:40.624,1.39165,1.39211,1.08,1.28
2016.03.17 12:00:40.675,1.39167,1.39211,1.00,1.28
2016.03.17 12:00:40.943,1.39167,1.39208,1.33,1.00
2016.03.17 12:00:41.147,1.39165,1.39211,1.33,1.28
2016.03.17 12:00:41.198,1.39168,1.39213,1.00,1.28
2016.03.17 12:00:41.249,1.39168,1.39215,1.33,1.28
2016.03.17 12:00:41.301,1.39166,1.39211,1.33,1.00
2016.03.17 12:00:41.606,1.39168,1.39215,1.33,1.00
2016.03.17 12:00:41.658,1.39168,1.39215,1.33,1.00
2016.03.17 12:00:41.733,1.3917,1.39215,1.33,1.00
2016.03.17 12:00:41.785,1.39172,1.39217,1.33,1.00
2016.03.17 12:00:41.837,1.39178,1.39224,1.33,1.37
2016.03.17 12:00:41.940,1.39176,1.3922,1.33,1.00
2016.03.17 12:00:42.145,1.39177,1.39222,1.33,1.00
2016.03.17 12:00:42.249,1.39177,1.39222,1.00,1.28
2016.03.17 12:00:42.575,1.39162,1.39207,1.70,1.00
2016.03.17 12:00:42.881,1.39175,1.39218,2.58,1.12
2016.03.17 12:00:42.984,1.3918,1.39219,1.33,1.12
2016.03.17 12:00:43.087,1.39181,1.39224,1.33,1.78
2016.03.17 12:00:43.140,1.39181,1.39218,1.00,1.00
2016.03.17 12:00:43.458,1.39171,1.39214,1.10,1.78
2016.03.17 12:00:43.817,1.39174,1.39213,1.12,1.12
2016.03.17 12:00:43.919,1.39171,1.39209,1.85,1.00
2016.03.17 12:00:43.971,1.3917,1.39209,1.35,1.00
2016.03.17 12:00:44.023,1.3917,1.39206,1.35,1.00
2016.03.17 12:00:44.446,1.39164,1.39206,1.85,1.00
2016.03.17 12:00:44.751,1.39166,1.39208,1.48,1.37
2016.03.17 12:00:44.904,1.39165,1.39205,1.73,1.00
2016.03.17 12:00:45.230,1.39158,1.39199,1.48,1.12
2016.03.17 12:00:45.485,1.39151,1.39193,1.85,1.12
2016.03.17 12:00:45.587,1.39153,1.39193,1.35,1.12
2016.03.17 12:00:45.791,1.3916,1.39199,1.73,1.00
2016.03.17 12:00:45.893,1.39159,1.39199,1.10,1.00
2016.03.17 12:00:45.945,1.39156,1.39197,1.73,1.37
2016.03.17 12:00:46.160,1.39153,1.39196,2.23,1.41
2016.03.17 12:00:46.216,1.39153,1.39196,1.85,1.78
2016.03.17 12:00:46.267,1.39153,1.39196,1.85,1.78
2016.03.17 12:00:46.370,1.39153,1.39193,1.35,1.00
2016.03.17 12:00:46.473,1.39151,1.39186,1.10,1.00
2016.03.17 12:00:46.575,1.39151,1.39186,1.10,1.00
2016.03.17 12:00:46.779,1.39146,1.39187,1.85,1.00
2016.03.17 12:00:46.983,1.39151,1.39189,1.35,1.00
2016.03.17 12:00:47.104,1.39152,1.39192,1.35,1.00
2016.03.17 12:00:47.360,1.39155,1.39194,1.35,1.00
2016.03.17 12:00:47.462,1.39155,1.39194,1.35,1.28
2016.03.17 12:00:47.564,1.39153,1.39194,1.35,1.78
2016.03.17 12:00:47.666,1.39151,1.39175,1.50,1.28
2016.03.17 12:00:47.769,1.39148,1.39167,1.00,1.41
2016.03.17 12:00:47.871,1.39123,1.39162,1.85,1.00
2016.03.17 12:00:48.039,1.39117,1.39155,1.37,1.03
2016.03.17 12:00:48.090,1.39115,1.39155,2.25,1.28
2016.03.17 12:00:48.193,1.39115,1.39155,1.10,1.12
2016.03.17 12:00:48.297,1.39112,1.39157,1.48,2.25
2016.03.17 12:00:48.503,1.39115,1.39155,1.00,1.03
2016.03.17 12:00:48.555,1.3911,1.39148,1.85,1.00
2016.03.17 12:00:48.905,1.39108,1.39149,1.35,1.75
2016.03.17 12:00:49.212,1.39117,1.39158,1.00,1.75
2016.03.17 12:00:49.366,1.39118,1.39158,1.12,1.66
2016.03.17 12:00:49.518,1.39111,1.39153,1.10,1.00
2016.03.17 12:00:49.997,1.39113,1.39155,1.35,1.12
2016.03.17 12:00:50.507,1.39117,1.39158,1.87,1.87
2016.03.17 12:00:50.912,1.39117,1.39159,1.12,2.53
2016.03.17 12:00:51.321,1.39116,1.39155,1.10,1.00
2016.03.17 12:00:51.424,1.39116,1.39156,1.10,1.28
2016.03.17 12:00:51.672,1.39114,1.39153,1.00,1.41
2016.03.17 12:00:51.725,1.39111,1.39151,1.00,1.28
2016.03.17 12:00:51.828,1.39113,1.39153,1.35,1.12
2016.03.17 12:00:51.879,1.39113,1.39154,1.00,1.78
2016.03.17 12:00:51.982,1.39119,1.39154,1.35,1.50
2016.03.17 12:00:52.136,1.39142,1.39171,1.35,1.00
2016.03.17 12:00:52.188,1.39142,1.39185,1.10,1.12
2016.03.17 12:00:52.290,1.39151,1.39188,1.48,1.00
2016.03.17 12:00:52.393,1.39153,1.39191,1.73,1.00
2016.03.17 12:00:52.491,1.3915,1.39194,1.50,1.03
2016.03.17 12:00:52.646,1.39142,1.39181,1.35,1.00
2016.03.17 12:00:52.698,1.3914,1.39181,1.35,1.00
2016.03.17 12:00:52.800,1.3914,1.39181,1.35,1.00
2016.03.17 12:00:52.852,1.3914,1.39183,1.85,1.00
2016.03.17 12:00:53.058,1.39143,1.39181,1.10,1.00
2016.03.17 12:00:53.597,1.39138,1.39183,1.73,1.75
2016.03.17 12:00:53.700,1.3914,1.39181,1.35,1.37
2016.03.17 12:00:53.908,1.3914,1.39181,1.35,1.37
2016.03.17 12:00:54.062,1.39144,1.39187,2.60,1.50
2016.03.17 12:00:54.113,1.39144,1.39187,2.60,1.50
2016.03.17 12:00:54.318,1.39144,1.39184,1.85,1.00
2016.03.17 12:00:54.584,1.39144,1.39187,1.85,1.50
2016.03.17 12:00:54.737,1.39144,1.39187,1.85,1.50
2016.03.17 12:00:55.043,1.39158,1.39197,1.48,1.00
2016.03.17 12:00:55.349,1.39183,1.39209,1.10,1.00
2016.03.17 12:00:55.427,1.39183,1.39219,1.10,1.00
2016.03.17 12:00:55.479,1.39186,1.39219,1.35,1.00
2016.03.17 12:00:55.787,1.3919,1.39214,1.00,1.03
2016.03.17 12:00:55.891,1.3917,1.39201,1.75,1.00
2016.03.17 12:00:55.943,1.39166,1.39195,2.25,1.28
2016.03.17 12:00:55.995,1.39168,1.39195,1.00,1.78
2016.03.17 12:00:56.046,1.39159,1.39189,1.87,1.28
2016.03.17 12:00:56.098,1.39159,1.39189,1.00,1.28
2016.03.17 12:00:56.150,1.39159,1.39185,1.00,1.28
2016.03.17 12:00:56.227,1.39162,1.39185,1.00,1.28
2016.03.17 12:00:56.535,1.39166,1.39188,1.00,1.37
2016.03.17 12:00:56.587,1.39158,1.39192,1.35,1.00
2016.03.17 12:00:56.639,1.39158,1.39192,1.73,1.00
2016.03.17 12:00:56.691,1.39161,1.39206,1.10,2.53
2016.03.17 12:00:56.845,1.39161,1.39199,1.50,1.28
2016.03.17 12:00:57.181,1.39156,1.39196,1.35,2.25
2016.03.17 12:00:57.335,1.39159,1.39197,1.35,1.37
2016.03.17 12:00:57.386,1.39159,1.39197,1.35,1.00
2016.03.17 12:00:57.698,1.39159,1.39202,1.35,1.50
2016.03.17 12:00:57.750,1.39159,1.39202,1.35,1.50
2016.03.17 12:00:58.019,1.39159,1.39201,1.35,1.28
2016.03.17 12:00:58.227,1.39159,1.39201,1.35,1.00
2016.03.17 12:00:58.431,1.39171,1.39216,1.37,1.75
2016.03.17 12:00:58.534,1.39175,1.39217,1.37,1.50
2016.03.17 12:00:58.636,1.39178,1.39215,1.37,1.37
2016.03.17 12:00:58.739,1.3918,1.39212,1.12,2.25
2016.03.17 12:00:58.856,1.39163,1.39203,1.75,1.12
2016.03.17 12:00:58.908,1.3916,1.39202,1.75,1.37
2016.03.17 12:00:59.215,1.3916,1.39189,1.00,1.12
2016.03.17 12:00:59.267,1.39148,1.39189,2.25,1.12
2016.03.17 12:00:59.370,1.39148,1.39189,1.50,1.12
2016.03.17 12:00:59.422,1.39148,1.39191,1.37,1.12
2016.03.17 12:00:59.575,1.39147,1.39189,1.87,1.00
2016.03.17 12:01:00.063,1.39153,1.39189,1.37,1.00
2016.03.17 12:01:00.218,1.39157,1.39199,1.37,1.12
2016.03.17 12:01:00.270,1.39157,1.39196,1.00,1.12
2016.03.17 12:01:00.321,1.39157,1.39194,1.00,3.00
2016.03.17 12:01:00.424,1.39147,1.3919,1.37,1.75
2016.03.17 12:01:00.526,1.3915,1.3919,1.87,1.87
2016.03.17 12:01:00.629,1.3915,1.3919,1.87,1.12
2016.03.17 12:01:01.153,1.3915,1.39191,1.37,1.87
2016.03.17 12:01:01.357,1.39146,1.39184,1.12,1.00
2016.03.17 12:01:01.459,1.39147,1.39186,1.00,1.12
2016.03.17 12:01:01.561,1.39145,1.39184,1.87,1.00
2016.03.17 12:01:01.663,1.39145,1.39181,1.37,1.37
2016.03.17 12:01:01.939,1.39144,1.39179,1.00,1.00
2016.03.17 12:01:02.042,1.39144,1.39179,1.37,1.00
2016.03.17 12:01:02.654,1.39143,1.39183,1.50,1.37
2016.03.17 12:01:02.706,1.39143,1.39183,1.50,1.00
2016.03.17 12:01:02.960,1.39142,1.39184,1.12,1.12
2016.03.17 12:01:03.268,1.39147,1.39185,1.75,1.00
2016.03.17 12:01:03.472,1.39157,1.39194,1.12,1.12
2016.03.17 12:01:03.575,1.39156,1.39194,1.12,1.37
2016.03.17 12:01:03.626,1.3915,1.39191,1.12,1.37
2016.03.17 12:01:03.807,1.39153,1.39191,1.37,1.00
2016.03.17 12:01:04.061,1.3915,1.39191,1.87,1.37
2016.03.17 12:01:04.164,1.3915,1.39189,1.50,1.37
2016.03.17 12:01:04.266,1.39141,1.39181,2.21,1.37
2016.03.17 12:01:04.368,1.3914,1.3918,1.75,1.87
2016.03.17 12:01:04.472,1.3914,1.39177,1.00,1.50
2016.03.17 12:01:04.524,1.3914,1.39171,1.00,1.00
2016.03.17 12:01:04.728,1.39138,1.39173,1.37,1.50
2016.03.17 12:01:04.990,1.3914,1.39174,1.37,1.00
2016.03.17 12:01:05.143,1.3914,1.3918,1.37,1.50
2016.03.17 12:01:05.347,1.39148,1.39183,1.00,1.75
2016.03.17 12:01:05.654,1.39151,1.39188,1.00,1.00
2016.03.17 12:01:05.878,1.39147,1.39188,1.50,1.75
2016.03.17 12:01:06.496,1.39145,1.39184,1.09,1.12
2016.03.17 12:01:06.548,1.3914,1.39182,1.37,1.12
2016.03.17 12:01:06.853,1.39137,1.39171,1.12,1.75
2016.03.17 12:01:06.975,1.3914,1.39171,1.12,1.00
2016.03.17 12:01:07.027,1.39136,1.39172,3.00,1.50
2016.03.17 12:01:07.078,1.39136,1.3917,1.37,1.12
2016.03.17 12:01:07.588,1.39136,1.39172,1.75,2.25
2016.03.17 12:01:07.691,1.39138,1.39173,1.50,3.00
2016.03.17 12:01:07.742,1.39138,1.39168,1.37,2.25
2016.03.17 12:01:07.917,1.39137,1.39171,1.12,1.75
2016.03.17 12:01:07.970,1.39135,1.3917,1.75,1.37
2016.03.17 12:01:08.022,1.39132,1.39167,1.09,1.37
2016.03.17 12:01:08.278,1.39138,1.39169,1.09,1.12
2016.03.17 12:01:08.431,1.39136,1.39169,1.09,1.87
2016.03.17 12:01:08.947,1.39135,1.39166,1.37,1.00
2016.03.17 12:01:09.100,1.39135,1.39166,1.12,1.00
2016.03.17 12:01:09.305,1.39134,1.39166,1.87,1.00
2016.03.17 12:01:09.560,1.39139,1.39172,1.12,1.50
2016.03.17 12:01:09.713,1.39142,1.39178,1.37,2.25
2016.03.17 12:01:09.765,1.39143,1.39179,1.12,1.75
2016.03.17 12:01:09.893,1.39145,1.39179,1.00,2.25
2016.03.17 12:01:09.948,1.39144,1.3918,1.75,1.75
2016.03.17 12:01:10.050,1.39148,1.3918,1.37,1.50
2016.03.17 12:01:10.472,1.39148,1.3918,1.00,1.50
2016.03.17 12:01:10.988,1.39148,1.3918,1.00,1.87
2016.03.17 12:01:11.242,1.39143,1.3918,1.12,1.87
2016.03.17 12:01:11.293,1.39143,1.39179,1.12,1.12
2016.03.17 12:01:12.080,1.3914,1.39175,1.87,1.37
2016.03.17 12:01:12.284,1.3914,1.39174,1.37,1.75
2016.03.17 12:01:14.081,1.39137,1.39173,1.12,2.25
2016.03.17 12:01:14.337,1.39137,1.3917,1.50,1.12
2016.03.17 12:01:14.542,1.39149,1.39183,1.12,1.50
2016.03.17 12:01:14.595,1.39151,1.39183,1.12,1.00
2016.03.17 12:01:14.647,1.39152,1.39189,1.75,1.87
2016.03.17 12:01:15.058,1.39151,1.39181,1.12,1.00
2016.03.17 12:01:15.211,1.39146,1.39181,1.12,1.75
2016.03.17 12:01:15.571,1.39145,1.39184,1.75,1.87
2016.03.17 12:01:15.622,1.39146,1.39184,1.00,1.12
2016.03.17 12:01:15.786,1.39145,1.39184,1.75,1.12
2016.03.17 12:01:16.142,1.39146,1.39184,1.37,1.34
2016.03.17 12:01:16.194,1.39146,1.39183,1.00,1.71
2016.03.17 12:01:16.246,1.39142,1.39175,1.75,1.37
2016.03.17 12:01:16.298,1.39142,1.39175,1.00,1.50
2016.03.17 12:01:16.350,1.39142,1.39175,1.37,1.12
2016.03.17 12:01:16.673,1.39142,1.39166,1.00,1.12
2016.03.17 12:01:17.107,1.39141,1.3917,1.00,1.12
2016.03.17 12:01:17.159,1.3913,1.3917,1.37,1.12
2016.03.17 12:01:17.313,1.3913,1.39172,1.87,1.00
2016.03.17 12:01:17.417,1.39135,1.39174,1.37,1.12
2016.03.17 12:01:17.623,1.39135,1.39174,1.12,1.00
2016.03.17 12:01:17.777,1.39137,1.39174,1.00,1.00
2016.03.17 12:01:18.109,1.3914,1.3918,2.25,1.37
2016.03.17 12:01:18.417,1.39151,1.39188,1.37,2.25
2016.03.17 12:01:18.622,1.39156,1.39188,1.12,1.37
2016.03.17 12:01:19.042,1.39151,1.39186,1.00,1.37
2016.03.17 12:01:19.247,1.39147,1.39184,1.37,1.00
2016.03.17 12:01:19.553,1.3915,1.39182,1.12,2.25
2016.03.17 12:01:19.604,1.39151,1.39181,1.00,1.00
2016.03.17 12:01:19.797,1.39147,1.39178,1.37,1.00
2016.03.17 12:01:20.308,1.39146,1.39178,2.62,1.00
2016.03.17 12:01:21.045,1.39148,1.39178,1.37,1.00
2016.03.17 12:01:21.148,1.3915,1.39184,1.12,1.75
2016.03.17 12:01:21.732,1.39147,1.39178,1.00,1.00
2016.03.17 12:01:21.834,1.39143,1.39177,1.87,1.75
2016.03.17 12:01:22.144,1.39147,1.39178,1.37,1.00
2016.03.17 12:01:23.552,1.39147,1.39178,1.00,1.00
2016.03.17 12:01:24.079,1.39147,1.39178,1.37,1.00
2016.03.17 12:01:24.545,1.39147,1.39178,1.37,1.00
2016.03.17 12:01:24.648,1.39147,1.39178,1.37,1.00
2016.03.17 12:01:25.181,1.39147,1.39178,1.00,1.00
2016.03.17 12:01:25.386,1.39147,1.39178,1.37,1.00
2016.03.17 12:01:25.489,1.39147,1.39178,1.00,1.00
2016.03.17 12:01:26.645,1.39143,1.39178,1.75,1.50
2016.03.17 12:01:26.798,1.39143,1.39178,1.87,1.75
2016.03.17 12:01:27.307,1.39143,1.39178,1.87,1.75
2016.03.17 12:01:27.568,1.39143,1.39178,1.50,1.75
2016.03.17 12:01:27.619,1.39143,1.39178,1.50,1.50
2016.03.17 12:01:27.672,1.39147,1.39178,1.00,1.50
2016.03.17 12:01:31.971,1.39147,1.39173,1.00,1.00
2016.03.17 12:01:32.126,1.39139,1.3917,1.00,1.00
2016.03.17 12:01:32.449,1.39136,1.39171,1.37,1.75
2016.03.17 12:01:32.501,1.39136,1.39166,1.00,1.00
2016.03.17 12:01:33.625,1.39136,1.39164,1.00,1.00
2016.03.17 12:01:33.931,1.39131,1.39163,1.00,1.50
2016.03.17 12:01:33.982,1.39131,1.39161,1.50,1.00
2016.03.17 12:01:34.084,1.39131,1.39161,1.50,1.00
2016.03.17 12:01:34.560,1.39127,1.39166,1.75,1.12
2016.03.17 12:01:34.611,1.39127,1.39167,1.00,2.62
2016.03.17 12:01:34.664,1.39124,1.39159,2.62,1.00
2016.03.17 12:01:34.970,1.39124,1.39159,1.12,1.00
2016.03.17 12:01:35.225,1.39125,1.39156,1.00,1.00
2016.03.17 12:01:35.599,1.39125,1.39155,1.37,1.00
2016.03.17 12:01:35.752,1.39135,1.39164,1.75,1.37
2016.03.17 12:01:35.855,1.39134,1.39172,1.75,1.00
2016.03.17 12:01:35.958,1.39135,1.3917,1.75,1.00
2016.03.17 12:01:36.009,1.39136,1.3917,1.00,1.00
2016.03.17 12:01:36.060,1.39136,1.39167,1.00,1.00
2016.03.17 12:01:36.163,1.39136,1.39169,1.00,1.00
2016.03.17 12:01:36.404,1.39136,1.39167,1.00,1.00
2016.03.17 12:01:37.166,1.39136,1.39168,1.00,1.00
2016.03.17 12:01:37.492,1.39134,1.39175,2.25,1.37
2016.03.17 12:01:37.543,1.39136,1.39175,1.12,1.00
2016.03.17 12:01:37.698,1.39136,1.39172,1.12,1.00
2016.03.17 12:01:37.954,1.39137,1.39175,1.75,1.00
2016.03.17 12:01:38.382,1.39136,1.39171,1.12,1.00
2016.03.17 12:01:38.434,1.39134,1.39171,1.75,1.37
2016.03.17 12:01:38.558,1.39128,1.39167,1.75,1.00
2016.03.17 12:01:38.712,1.39128,1.39166,1.75,1.00
2016.03.17 12:01:38.815,1.39129,1.39169,1.75,1.00
2016.03.17 12:01:39.175,1.39133,1.39171,1.87,1.00
2016.03.17 12:01:39.227,1.39133,1.39171,1.87,1.37
2016.03.17 12:01:39.550,1.39129,1.39168,1.87,1.50
2016.03.17 12:01:39.857,1.39129,1.39162,1.87,1.00
2016.03.17 12:01:39.908,1.39129,1.39165,1.87,1.00
2016.03.17 12:01:40.010,1.39129,1.39165,1.87,1.00
2016.03.17 12:01:40.112,1.39129,1.39166,1.87,1.00
2016.03.17 12:01:40.429,1.39129,1.39162,1.37,1.00
2016.03.17 12:01:40.789,1.3913,1.39165,1.37,1.00
2016.03.17 12:01:41.548,1.39129,1.39161,1.87,1.00
2016.03.17 12:01:41.913,1.39129,1.39164,1.87,1.00
2016.03.17 12:01:42.219,1.39129,1.39162,1.87,1.00
2016.03.17 12:01:42.270,1.39129,1.39162,1.37,1.75
2016.03.17 12:01:42.593,1.3912,1.3915,1.37,1.00
2016.03.17 12:01:43.231,1.3912,1.3915,1.37,1.00
2016.03.17 12:01:43.435,1.39116,1.39146,1.37,1.00
2016.03.17 12:01:43.572,1.39118,1.39148,1.37,1.00
2016.03.17 12:01:43.623,1.39118,1.39148,1.37,1.00
2016.03.17 12:01:43.878,1.3912,1.39151,1.37,1.00
2016.03.17 12:01:43.930,1.39118,1.39151,1.37,1.00
2016.03.17 12:01:43.981,1.39117,1.39147,1.87,1.00
2016.03.17 12:01:44.135,1.39117,1.39147,1.00,1.00
2016.03.17 12:01:44.187,1.39117,1.39144,1.00,1.00
2016.03.17 12:01:44.505,1.39117,1.39143,1.37,1.00
2016.03.17 12:01:44.557,1.39117,1.39146,1.37,1.00
2016.03.17 12:01:46.042,1.39114,1.39146,1.37,1.00
2016.03.17 12:01:46.093,1.39114,1.39149,1.37,1.00
2016.03.17 12:01:46.145,1.39114,1.39149,1.37,1.00
2016.03.17 12:01:46.247,1.39115,1.39149,1.12,1.00
2016.03.17 12:01:46.299,1.39115,1.39144,1.50,1.00
2016.03.17 12:01:46.605,1.39118,1.39148,1.12,1.00
2016.03.17 12:01:46.657,1.39118,1.3915,1.87,1.12
2016.03.17 12:01:46.952,1.39124,1.39151,1.50,1.00
2016.03.17 12:01:47.004,1.39124,1.39151,1.00,1.75
2016.03.17 12:01:47.057,1.39118,1.3915,1.12,1.50
2016.03.17 12:01:47.619,1.39122,1.3915,1.00,1.00
2016.03.17 12:01:48.011,1.39117,1.39148,1.12,1.00
2016.03.17 12:01:48.317,1.39117,1.39145,1.12,1.00
2016.03.17 12:01:48.369,1.39117,1.39148,1.12,1.00
2016.03.17 12:01:48.420,1.3912,1.39148,1.12,1.00
2016.03.17 12:01:48.881,1.39122,1.39148,1.12,1.00
2016.03.17 12:01:49.411,1.39122,1.39149,1.12,1.00
2016.03.17 12:01:50.013,1.39119,1.39149,2.25,1.50
2016.03.17 12:01:50.217,1.39125,1.39152,1.12,1.00
2016.03.17 12:01:50.268,1.39125,1.39154,1.12,1.00
2016.03.17 12:01:50.446,1.39119,1.39153,1.12,1.75
2016.03.17 12:01:50.497,1.39119,1.39153,1.12,2.25
2016.03.17 12:01:51.176,1.39118,1.39153,1.12,2.25
2016.03.17 12:01:51.696,1.39117,1.39153,1.75,1.75
2016.03.17 12:01:52.163,1.39118,1.39153,1.12,1.75
2016.03.17 12:01:52.317,1.39123,1.39152,1.00,1.00
2016.03.17 12:01:52.369,1.39123,1.39152,1.37,1.00
2016.03.17 12:01:52.577,1.39123,1.39152,1.00,1.00
2016.03.17 12:01:53.464,1.39123,1.39149,1.00,1.00
2016.03.17 12:01:53.782,1.39119,1.39149,1.75,1.12
2016.03.17 12:01:54.087,1.3913,1.39156,1.00,2.25
2016.03.17 12:01:54.138,1.3913,1.39157,1.75,1.00
2016.03.17 12:01:54.190,1.39133,1.39157,1.12,1.00
2016.03.17 12:01:54.242,1.39133,1.39164,1.12,1.12
2016.03.17 12:01:54.619,1.39137,1.39168,1.00,2.25
2016.03.17 12:01:55.129,1.39137,1.39167,1.00,1.00
2016.03.17 12:01:56.428,1.39137,1.39168,1.00,1.50
2016.03.17 12:01:56.978,1.39137,1.39169,1.00,1.00
2016.03.17 12:01:57.233,1.39131,1.39166,1.37,2.25
2016.03.17 12:01:57.336,1.39128,1.39159,1.00,1.50
2016.03.17 12:01:57.998,1.39128,1.39159,1.37,1.00
2016.03.17 12:01:59.234,1.3913,1.39163,1.12,1.37
2016.03.17 12:02:00.738,1.3913,1.39164,1.50,1.87
2016.03.17 12:02:00.841,1.39126,1.39157,1.87,1.50
2016.03.17 12:02:01.479,1.39124,1.39155,1.37,1.37
2016.03.17 12:02:01.531,1.39124,1.39153,1.00,1.00
2016.03.17 12:02:01.684,1.39124,1.39155,1.75,1.37
2016.03.17 12:02:01.804,1.39126,1.39155,1.00,1.00
2016.03.17 12:02:02.417,1.39126,1.39155,1.00,1.37
2016.03.17 12:02:04.762,1.39126,1.39156,1.12,1.00
2016.03.17 12:02:04.915,1.39126,1.39156,1.37,1.00
2016.03.17 12:02:05.018,1.39131,1.39161,1.00,1.75
2016.03.17 12:02:05.580,1.39131,1.39162,1.37,1.87
2016.03.17 12:02:06.090,1.39131,1.39162,1.37,1.61
2016.03.17 12:02:06.141,1.39131,1.39162,1.37,1.50
2016.03.17 12:02:06.665,1.39131,1.39162,1.37,1.87
2016.03.17 12:02:06.767,1.3913,1.39163,1.12,2.25
2016.03.17 12:02:08.065,1.39131,1.39165,1.87,2.25
2016.03.17 12:02:08.269,1.39134,1.39165,1.12,1.50
2016.03.17 12:02:08.474,1.39134,1.39165,1.12,1.50
2016.03.17 12:02:09.152,1.39141,1.39165,1.37,1.00
2016.03.17 12:02:09.306,1.39153,1.39171,1.37,1.37
2016.03.17 12:02:09.358,1.39154,1.39171,1.37,1.00
2016.03.17 12:02:09.410,1.39159,1.39184,1.50,1.50
2016.03.17 12:02:09.565,1.39163,1.39184,1.12,1.00
2016.03.17 12:02:09.617,1.39163,1.39193,1.12,1.87
2016.03.17 12:02:09.668,1.39163,1.39193,1.12,1.87
2016.03.17 12:02:09.771,1.3916,1.39193,1.37,1.00
2016.03.17 12:02:09.904,1.39164,1.39193,1.37,1.00
2016.03.17 12:02:10.214,1.39175,1.392,1.87,1.00
2016.03.17 12:02:10.317,1.39179,1.39208,1.87,1.00
2016.03.17 12:02:10.369,1.39179,1.39208,1.87,1.00
2016.03.17 12:02:10.675,1.39194,1.39219,1.37,1.00
2016.03.17 12:02:10.798,1.39195,1.39228,2.62,1.50
2016.03.17 12:02:10.850,1.39195,1.39228,2.62,1.00
2016.03.17 12:02:10.952,1.39201,1.39239,1.87,1.50
2016.03.17 12:02:11.004,1.39204,1.39241,1.37,1.00
2016.03.17 12:02:11.055,1.39209,1.39248,1.37,2.25
2016.03.17 12:02:11.159,1.39209,1.39248,1.37,1.00
2016.03.17 12:02:11.263,1.39213,1.39249,1.00,1.37
2016.03.17 12:02:11.366,1.39201,1.39235,1.00,1.12
2016.03.17 12:02:11.470,1.39194,1.39228,1.00,1.00
2016.03.17 12:02:11.522,1.3919,1.39225,1.12,1.00
2016.03.17 12:02:11.653,1.39182,1.39223,1.87,1.00
2016.03.17 12:02:11.704,1.39182,1.39222,1.37,1.37
2016.03.17 12:02:12.062,1.39186,1.39221,1.12,1.12
2016.03.17 12:02:12.368,1.39191,1.39228,1.37,1.00
2016.03.17 12:02:12.572,1.39194,1.39234,1.50,1.00
2016.03.17 12:02:12.895,1.392,1.39237,1.37,1.75
2016.03.17 12:02:12.946,1.392,1.39237,1.87,1.00
2016.03.17 12:02:12.998,1.39205,1.39237,1.75,1.00
2016.03.17 12:02:13.050,1.39209,1.39247,1.37,1.87
2016.03.17 12:02:13.102,1.39209,1.39247,1.87,1.50
2016.03.17 12:02:13.358,1.39211,1.39247,1.75,1.87
2016.03.17 12:02:13.562,1.39208,1.39246,1.37,1.37
2016.03.17 12:02:13.665,1.39205,1.39241,1.87,1.37
2016.03.17 12:02:13.991,1.39191,1.39227,1.12,1.37
2016.03.17 12:02:14.094,1.39188,1.39227,1.87,1.87
2016.03.17 12:02:14.502,1.39192,1.39231,1.37,2.25
2016.03.17 12:02:14.605,1.39192,1.39228,1.87,1.00
2016.03.17 12:02:14.708,1.39193,1.3923,1.50,1.00
2016.03.17 12:02:14.907,1.39196,1.39234,1.12,1.50
2016.03.17 12:02:14.958,1.39197,1.39234,1.37,1.50
2016.03.17 12:02:15.265,1.39224,1.39257,1.00,1.37
2016.03.17 12:02:15.469,1.39223,1.39263,1.37,1.37
2016.03.17 12:02:15.571,1.39228,1.39267,1.37,1.00
2016.03.17 12:02:15.796,1.39228,1.39267,1.37,1.00
2016.03.17 12:02:16.102,1.39228,1.39265,1.37,1.87
2016.03.17 12:02:16.204,1.3923,1.39266,1.37,1.75
2016.03.17 12:02:16.255,1.3923,1.39266,1.37,1.00
2016.03.17 12:02:16.408,1.39227,1.39266,1.87,1.37
2016.03.17 12:02:16.585,1.39227,1.39268,1.87,1.00
2016.03.17 12:02:16.687,1.39228,1.39266,1.75,1.00
2016.03.17 12:02:17.012,1.3923,1.39269,1.12,2.25
2016.03.17 12:02:17.115,1.3923,1.39269,1.37,2.62
2016.03.17 12:02:17.420,1.3922,1.39257,1.37,1.87
2016.03.17 12:02:17.691,1.39217,1.39255,1.00,1.50
2016.03.17 12:02:18.017,1.39217,1.39255,1.37,2.25
2016.03.17 12:02:18.221,1.39216,1.39251,1.87,1.00
2016.03.17 12:02:18.272,1.39217,1.39255,1.37,1.50
2016.03.17 12:02:18.578,1.39219,1.39258,1.50,1.00
2016.03.17 12:02:18.629,1.39221,1.3926,1.00,1.50
2016.03.17 12:02:18.680,1.39232,1.39261,1.37,1.50
2016.03.17 12:02:18.853,1.39241,1.39269,1.50,1.37
2016.03.17 12:02:18.904,1.39241,1.39276,1.87,1.00
2016.03.17 12:02:19.108,1.3925,1.39277,1.37,1.00
2016.03.17 12:02:19.159,1.3925,1.39281,1.37,1.00
2016.03.17 12:02:19.211,1.39256,1.39285,1.12,1.00
2016.03.17 12:02:19.466,1.39255,1.3929,1.00,1.37
2016.03.17 12:02:19.802,1.39253,1.3929,1.00,1.37
2016.03.17 12:02:19.854,1.3925,1.3929,1.87,1.87
2016.03.17 12:02:19.907,1.3925,1.39287,1.87,1.00
2016.03.17 12:02:20.011,1.3925,1.39289,1.87,1.12
2016.03.17 12:02:20.114,1.39253,1.39289,1.00,1.37
2016.03.17 12:02:20.217,1.39253,1.3929,1.37,1.87
2016.03.17 12:02:20.578,1.39258,1.39288,1.00,1.00
2016.03.17 12:02:20.884,1.3927,1.3929,1.37,1.00
2016.03.17 12:02:20.936,1.39272,1.39294,1.37,1.00
2016.03.17 12:02:20.987,1.39272,1.39301,1.37,1.00
2016.03.17 12:02:21.141,1.39271,1.3931,1.37,1.50
2016.03.17 12:02:21.192,1.39275,1.3931,1.12,1.87
2016.03.17 12:02:21.515,1.39267,1.39306,1.12,1.00
2016.03.17 12:02:21.617,1.39267,1.39302,1.12,1.00
2016.03.17 12:02:21.822,1.3927,1.39307,1.37,1.37
2016.03.17 12:02:22.029,1.39269,1.39309,1.00,3.00
2016.03.17 12:02:22.131,1.39269,1.39308,1.00,1.50
2016.03.17 12:02:22.214,1.39266,1.39307,1.37,1.37
2016.03.17 12:02:22.265,1.39264,1.39305,1.37,1.87
2016.03.17 12:02:22.726,1.39263,1.39304,1.37,2.62
2016.03.17 12:02:22.828,1.39263,1.39304,1.00,2.62
2016.03.17 12:02:23.109,1.39261,1.393,1.12,1.12
2016.03.17 12:02:23.211,1.39258,1.39297,1.00,1.37
2016.03.17 12:02:23.314,1.39256,1.39294,1.50,1.00
2016.03.17 12:02:23.467,1.39252,1.39292,1.75,1.37
2016.03.17 12:02:23.519,1.39252,1.39291,1.00,1.12
2016.03.17 12:02:23.673,1.39248,1.3929,1.50,1.50
2016.03.17 12:02:23.776,1.39248,1.3929,1.37,1.87
2016.03.17 12:02:24.166,1.39253,1.39291,1.37,1.75
2016.03.17 12:02:24.218,1.39253,1.39291,1.87,1.37
2016.03.17 12:02:24.269,1.3926,1.39296,1.00,1.75
2016.03.17 12:02:24.578,1.39259,1.393,1.37,1.87
2016.03.17 12:02:24.680,1.3926,1.39299,1.75,1.00
2016.03.17 12:02:24.988,1.39261,1.393,1.00,1.50
2016.03.17 12:02:25.039,1.39257,1.39296,2.25,1.37
2016.03.17 12:02:25.578,1.39258,1.39296,1.12,1.37
2016.03.17 12:02:25.883,1.3926,1.39298,1.12,1.00
2016.03.17 12:02:25.985,1.39256,1.39291,1.12,1.37
2016.03.17 12:02:26.463,1.39257,1.39295,1.75,1.00
2016.03.17 12:02:26.565,1.39263,1.39297,1.09,1.00
2016.03.17 12:02:26.668,1.39269,1.393,1.00,1.37
2016.03.17 12:02:27.044,1.39284,1.39317,1.37,1.37
2016.03.17 12:02:27.299,1.39281,1.39317,1.50,1.37
2016.03.17 12:02:27.402,1.39279,1.39317,2.25,1.00
2016.03.17 12:02:27.887,1.39289,1.3932,1.00,1.00
2016.03.17 12:02:27.939,1.39289,1.39324,1.00,1.12
2016.03.17 12:02:28.092,1.3929,1.39324,1.37,1.00
2016.03.17 12:02:28.195,1.39294,1.39331,1.37,1.75
2016.03.17 12:02:28.298,1.39294,1.39331,1.00,1.37
2016.03.17 12:02:28.400,1.39294,1.39331,1.00,1.87
2016.03.17 12:02:28.503,1.39293,1.39327,1.00,1.87
2016.03.17 12:02:28.555,1.39285,1.39327,1.87,1.87
2016.03.17 12:02:28.606,1.39285,1.39324,1.87,1.00
2016.03.17 12:02:28.709,1.39286,1.39328,1.75,1.12
2016.03.17 12:02:29.037,1.39294,1.39329,1.37,1.37
2016.03.17 12:02:29.088,1.39294,1.39329,1.37,1.37
2016.03.17 12:02:29.191,1.39294,1.39327,1.37,1.00
2016.03.17 12:02:29.396,1.39295,1.39329,1.37,1.00
2016.03.17 12:02:29.499,1.39296,1.39329,1.12,1.50
2016.03.17 12:02:29.831,1.39295,1.39324,1.37,1.00
2016.03.17 12:02:30.138,1.3929,1.39322,1.12,1.37
2016.03.17 12:02:30.190,1.3929,1.39324,1.12,1.87
2016.03.17 12:02:30.497,1.39288,1.39321,1.75,1.50
2016.03.17 12:02:30.702,1.39283,1.39316,1.87,1.12
2016.03.17 12:02:31.124,1.39281,1.39316,2.25,1.12
2016.03.17 12:02:31.328,1.39281,1.39312,1.12,1.12
2016.03.17 12:02:31.532,1.39281,1.39312,1.87,1.12
2016.03.17 12:02:31.635,1.39281,1.39312,1.87,1.12
2016.03.17 12:02:31.914,1.39281,1.39314,1.87,1.00
2016.03.17 12:02:32.220,1.3928,1.39315,1.87,1.12
2016.03.17 12:02:32.424,1.39283,1.39317,1.50,1.75
2016.03.17 12:02:32.526,1.39288,1.39319,1.12,1.12
2016.03.17 12:02:32.628,1.39292,1.39324,1.12,1.50
2016.03.17 12:02:32.801,1.39295,1.39329,1.37,1.75
2016.03.17 12:02:32.853,1.393,1.39332,1.37,1.00
2016.03.17 12:02:33.007,1.393,1.39332,1.37,1.00
2016.03.17 12:02:33.212,1.39297,1.39331,1.37,1.37
2016.03.17 12:02:33.263,1.39296,1.39329,1.12,1.75
2016.03.17 12:02:33.518,1.39295,1.39329,1.37,2.25
2016.03.17 12:02:33.807,1.39293,1.39329,1.12,2.62
2016.03.17 12:02:33.912,1.39293,1.39327,1.12,1.12
2016.03.17 12:02:34.219,1.3929,1.39324,1.75,1.12
2016.03.17 12:02:35.156,1.39296,1.39327,1.37,2.25
2016.03.17 12:02:35.258,1.39301,1.39329,1.12,1.50
2016.03.17 12:02:35.362,1.39304,1.39335,1.37,1.00
2016.03.17 12:02:35.686,1.39317,1.3934,1.37,1.00
2016.03.17 12:02:35.738,1.39317,1.39346,1.50,2.62
2016.03.17 12:02:35.840,1.39319,1.39345,1.12,1.00
2016.03.17 12:02:36.350,1.3932,1.3935,1.50,1.12
2016.03.17 12:02:36.564,1.39325,1.39353,1.12,1.00
2016.03.17 12:02:36.667,1.39325,1.39353,1.12,1.00
2016.03.17 12:02:37.179,1.39331,1.39352,1.00,1.00
2016.03.17 12:02:37.230,1.39331,1.39358,1.00,1.00
2016.03.17 12:02:37.283,1.39329,1.39358,1.12,1.00
2016.03.17 12:02:37.385,1.39329,1.39358,1.12,1.00
2016.03.17 12:02:37.557,1.39331,1.39356,1.00,1.00
2016.03.17 12:02:38.069,1.39324,1.39357,1.87,1.87
2016.03.17 12:02:38.652,1.39326,1.39356,1.00,1.12
2016.03.17 12:02:38.856,1.39325,1.39357,1.12,1.50
2016.03.17 12:02:38.959,1.39332,1.39362,1.50,1.00
2016.03.17 12:02:39.112,1.39334,1.39365,1.12,1.50
2016.03.17 12:02:39.164,1.39331,1.39365,1.50,2.62
2016.03.17 12:02:39.216,1.3933,1.3936,1.75,1.00
2016.03.17 12:02:39.420,1.3933,1.39364,1.12,2.25
2016.03.17 12:02:39.542,1.39328,1.39361,1.12,1.75
2016.03.17 12:02:39.645,1.39326,1.39361,1.00,1.37
2016.03.17 12:02:39.697,1.39324,1.39359,1.37,1.34
2016.03.17 12:02:39.749,1.3932,1.39355,2.62,1.71
2016.03.17 12:02:39.854,1.39316,1.39347,2.25,1.00
2016.03.17 12:02:39.905,1.39316,1.39347,1.12,1.00
2016.03.17 12:02:39.957,1.39316,1.39339,1.00,1.00
2016.03.17 12:02:40.059,1.39309,1.39339,1.00,1.87
2016.03.17 12:02:40.162,1.39303,1.39334,1.12,1.37
2016.03.17 12:02:40.264,1.39299,1.39332,1.75,1.50
2016.03.17 12:02:40.374,1.393,1.39331,1.12,1.00
2016.03.17 12:02:40.477,1.39301,1.39331,1.12,1.00
2016.03.17 12:02:40.579,1.393,1.39331,1.12,1.00
2016.03.17 12:02:40.987,1.39305,1.39338,1.37,1.75
2016.03.17 12:02:41.038,1.39313,1.39338,1.37,1.37
2016.03.17 12:02:41.090,1.39315,1.39338,1.37,1.00
2016.03.17 12:02:41.192,1.39314,1.3935,1.12,1.12
2016.03.17 12:02:41.360,1.39311,1.39347,1.50,1.00
2016.03.17 12:02:41.463,1.39311,1.39347,1.37,1.00
2016.03.17 12:02:41.617,1.39311,1.39345,1.37,1.00
2016.03.17 12:02:41.873,1.39311,1.39345,1.12,1.00
2016.03.17 12:02:42.180,1.39306,1.39342,3.00,1.00
2016.03.17 12:02:42.483,1.39301,1.39337,1.87,1.00
2016.03.17 12:02:42.789,1.39305,1.39333,1.37,1.00
2016.03.17 12:02:42.993,1.39325,1.3935,1.37,1.00
2016.03.17 12:02:43.045,1.39325,1.39348,1.37,1.00
2016.03.17 12:02:43.223,1.39315,1.3935,1.37,1.00
2016.03.17 12:02:43.274,1.39321,1.3935,1.87,1.00
2016.03.17 12:02:43.327,1.39325,1.39356,1.37,1.37
2016.03.17 12:02:43.835,1.39324,1.39354,1.37,1.00
2016.03.17 12:02:44.376,1.3932,1.39353,1.87,1.00
2016.03.17 12:02:44.479,1.39325,1.39355,1.12,1.00
2016.03.17 12:02:44.990,1.3932,1.39354,1.87,1.00
2016.03.17 12:02:45.253,1.3932,1.39352,1.87,1.00
2016.03.17 12:02:45.570,1.39317,1.39354,2.25,1.00
2016.03.17 12:02:45.775,1.39317,1.39354,1.87,1.12
2016.03.17 12:02:45.827,1.39317,1.39351,1.75,1.00
2016.03.17 12:02:46.397,1.39318,1.39351,1.09,1.00
2016.03.17 12:02:46.708,1.39318,1.39349,1.46,1.00
2016.03.17 12:02:47.014,1.39311,1.39346,1.00,1.87
2016.03.17 12:02:47.320,1.39306,1.39333,1.00,1.00
2016.03.17 12:02:47.856,1.39306,1.39334,1.09,1.12
2016.03.17 12:02:48.317,1.39306,1.39334,1.09,1.00
2016.03.17 12:02:48.481,1.39306,1.39333,1.09,1.00
2016.03.17 12:02:49.018,1.393,1.39336,1.71,1.37
2016.03.17 12:02:49.325,1.393,1.39333,1.37,1.34
2016.03.17 12:02:49.654,1.39281,1.39315,1.87,1.37
2016.03.17 12:02:49.705,1.39281,1.39315,1.12,1.37
2016.03.17 12:02:49.858,1.39289,1.39315,1.00,1.37
2016.03.17 12:02:50.013,1.39296,1.39335,1.50,1.37
2016.03.17 12:02:50.115,1.39294,1.39332,1.75,1.00
2016.03.17 12:02:50.447,1.39308,1.39342,1.12,1.00
2016.03.17 12:02:50.807,1.39305,1.39342,1.75,1.87
2016.03.17 12:02:51.113,1.393,1.39336,1.37,1.00
2016.03.17 12:02:51.630,1.39301,1.39335,1.50,1.37
2016.03.17 12:02:51.938,1.3929,1.39328,1.75,1.37
2016.03.17 12:02:52.295,1.39289,1.39323,2.25,1.00
2016.03.17 12:02:53.179,1.39286,1.39324,1.87,1.00
2016.03.17 12:02:53.281,1.39288,1.39328,1.87,1.11
2016.03.17 12:02:53.638,1.39291,1.39332,2.62,1.11
2016.03.17 12:02:54.165,1.39295,1.39334,1.87,1.61
2016.03.17 12:02:54.516,1.39295,1.39334,1.87,2.73
2016.03.17 12:02:54.618,1.39296,1.39334,1.75,2.73
2016.03.17 12:02:54.940,1.39306,1.39335,1.37,1.61
2016.03.17 12:02:55.246,1.39315,1.39339,1.12,1.98
2016.03.17 12:02:55.298,1.39315,1.39343,1.12,1.11
2016.03.17 12:02:55.451,1.39315,1.39346,1.12,1.61
2016.03.17 12:02:55.945,1.39319,1.39347,1.50,1.11
2016.03.17 12:02:56.047,1.39319,1.39349,1.50,2.09
2016.03.17 12:02:56.558,1.39324,1.39349,1.37,1.98
2016.03.17 12:02:56.610,1.39326,1.39351,1.12,1.37
2016.03.17 12:02:56.661,1.39333,1.39353,1.75,1.87
2016.03.17 12:02:56.712,1.39334,1.39358,1.12,1.87
2016.03.17 12:02:56.764,1.39336,1.39358,1.87,1.00
2016.03.17 12:02:56.870,1.39341,1.39366,1.75,1.12
2016.03.17 12:02:56.922,1.39344,1.39369,1.12,1.37
2016.03.17 12:02:57.026,1.39349,1.3937,1.50,1.00
2016.03.17 12:02:57.077,1.39349,1.39374,1.50,1.00
2016.03.17 12:02:57.231,1.39349,1.39373,1.75,1.00
2016.03.17 12:02:57.334,1.39349,1.39374,1.37,1.00
2016.03.17 12:02:57.436,1.39345,1.39378,1.50,1.37
2016.03.17 12:02:57.656,1.39321,1.39344,1.50,1.37
2016.03.17 12:02:57.713,1.39311,1.39344,1.00,1.37
2016.03.17 12:02:58.274,1.39307,1.3934,1.12,1.00
2016.03.17 12:02:58.446,1.39309,1.39349,1.12,2.62
2016.03.17 12:02:58.548,1.39315,1.39349,1.37,1.00
2016.03.17 12:02:58.600,1.39326,1.39357,1.37,1.75
2016.03.17 12:02:58.652,1.39326,1.3936,1.75,1.75
2016.03.17 12:02:58.755,1.39333,1.3936,1.87,1.00
2016.03.17 12:02:58.807,1.39333,1.39374,1.87,1.50
2016.03.17 12:02:58.860,1.3934,1.39376,1.12,1.75
2016.03.17 12:02:58.963,1.3934,1.39378,1.12,1.00
2016.03.17 12:02:59.066,1.39341,1.3938,2.25,1.00
2016.03.17 12:02:59.231,1.39341,1.3938,2.25,1.37
2016.03.17 12:02:59.283,1.39341,1.3938,1.75,1.37
2016.03.17 12:02:59.386,1.39339,1.39374,1.37,1.12
2016.03.17 12:02:59.438,1.39336,1.39374,1.37,1.87
2016.03.17 12:02:59.643,1.39333,1.39367,1.50,1.00
2016.03.17 12:02:59.694,1.3933,1.39365,1.12,1.00
2016.03.17 12:02:59.847,1.39326,1.39365,1.87,1.12
2016.03.17 12:03:00.013,1.39326,1.39362,1.37,1.00
2016.03.17 12:03:00.318,1.39322,1.39357,1.75,1.50
2016.03.17 12:03:00.369,1.39321,1.39357,2.25,1.12
2016.03.17 12:03:00.421,1.39321,1.39355,1.75,1.00
2016.03.17 12:03:00.776,1.3932,1.39357,1.87,1.50
2016.03.17 12:03:00.828,1.3932,1.39354,1.87,1.00
2016.03.17 12:03:00.930,1.39317,1.39348,1.12,1.00
2016.03.17 12:03:00.982,1.39315,1.39342,1.12,1.00
2016.03.17 12:03:01.185,1.39315,1.39345,1.37,1.50
2016.03.17 12:03:01.410,1.39314,1.3934,1.12,1.00
2016.03.17 12:03:01.564,1.39306,1.39337,1.12,1.00
2016.03.17 12:03:01.717,1.39306,1.39338,1.87,1.75
2016.03.17 12:03:01.922,1.39306,1.39338,1.50,1.50
2016.03.17 12:03:01.973,1.39306,1.39338,2.62,1.50
2016.03.17 12:03:02.278,1.39306,1.39338,1.50,1.87
2016.03.17 12:03:02.579,1.39295,1.39326,1.00,1.37
2016.03.17 12:03:02.630,1.39287,1.39314,1.12,1.00
2016.03.17 12:03:02.682,1.39281,1.39314,3.75,1.00
2016.03.17 12:03:02.735,1.3928,1.39309,1.12,1.00
2016.03.17 12:03:02.889,1.39274,1.3931,1.37,1.12
2016.03.17 12:03:02.992,1.39271,1.39304,3.37,1.12
2016.03.17 12:03:03.043,1.39268,1.39304,1.50,1.87
2016.03.17 12:03:03.095,1.39265,1.39302,2.25,1.37
2016.03.17 12:03:03.421,1.39256,1.39292,1.37,1.00
2016.03.17 12:03:03.728,1.39251,1.39287,2.25,1.00
2016.03.17 12:03:03.830,1.39253,1.39289,1.37,1.12
2016.03.17 12:03:03.984,1.39255,1.39289,1.37,1.12
2016.03.17 12:03:04.086,1.39252,1.39289,1.37,1.50
2016.03.17 12:03:04.356,1.39256,1.39294,1.87,3.00
2016.03.17 12:03:04.408,1.39256,1.39294,1.12,3.00
2016.03.17 12:03:04.867,1.39256,1.39294,1.37,2.25
2016.03.17 12:03:05.173,1.39263,1.39294,1.00,1.00
2016.03.17 12:03:05.225,1.39261,1.39294,1.00,1.00
2016.03.17 12:03:05.328,1.39263,1.39294,1.00,1.00
2016.03.17 12:03:05.668,1.39298,1.39324,1.37,1.37
2016.03.17 12:03:05.720,1.39304,1.39324,1.37,1.00
2016.03.17 12:03:05.773,1.39304,1.39333,1.37,1.00
2016.03.17 12:03:05.825,1.39311,1.39337,1.00,1.50
2016.03.17 12:03:06.347,1.39309,1.39337,1.00,1.00
2016.03.17 12:03:06.398,1.39304,1.39338,1.00,1.50
2016.03.17 12:03:06.501,1.39298,1.39335,1.75,1.37
2016.03.17 12:03:06.809,1.39293,1.39327,1.37,1.00
2016.03.17 12:03:07.012,1.39293,1.39329,1.37,1.00
2016.03.17 12:03:07.216,1.39295,1.39329,1.50,1.00
2016.03.17 12:03:07.590,1.39296,1.39332,1.37,1.37
2016.03.17 12:03:07.794,1.39296,1.39324,1.37,1.84
2016.03.17 12:03:07.846,1.39296,1.3933,1.37,1.00
2016.03.17 12:03:07.898,1.39295,1.39329,1.00,1.37
2016.03.17 12:03:08.000,1.39288,1.39323,1.50,1.37
2016.03.17 12:03:08.051,1.39288,1.39319,1.12,1.00
2016.03.17 12:03:08.102,1.39288,1.39319,1.37,1.00
2016.03.17 12:03:08.255,1.3928,1.39315,2.62,1.12
2016.03.17 12:03:08.459,1.3928,1.39319,2.25,1.37
2016.03.17 12:03:08.510,1.39284,1.3932,1.37,2.62
2016.03.17 12:03:08.631,1.39285,1.3932,1.50,1.50
2016.03.17 12:03:08.682,1.39291,1.39323,1.37,1.00
2016.03.17 12:03:08.886,1.39297,1.39329,1.37,1.00
2016.03.17 12:03:08.937,1.39301,1.39333,1.37,1.12
2016.03.17 12:03:09.243,1.39301,1.39338,1.37,1.50
2016.03.17 12:03:09.345,1.39304,1.39335,1.37,1.00
2016.03.17 12:03:09.875,1.39301,1.39334,1.37,1.00
2016.03.17 12:03:10.333,1.393,1.39335,1.50,1.00
2016.03.17 12:03:10.791,1.39301,1.39336,1.37,1.00
2016.03.17 12:03:11.410,1.393,1.39336,1.50,1.50
2016.03.17 12:03:12.611,1.39301,1.39336,1.50,1.00
2016.03.17 12:03:13.024,1.39303,1.39337,1.75,1.00
2016.03.17 12:03:13.075,1.3931,1.39342,1.37,1.00
2016.03.17 12:03:13.127,1.3931,1.39342,1.37,1.00
2016.03.17 12:03:13.601,1.39311,1.39347,1.87,2.25
2016.03.17 12:03:13.907,1.39311,1.39346,1.87,1.00
2016.03.17 12:03:14.417,1.39314,1.39346,1.37,1.00
2016.03.17 12:03:14.616,1.39311,1.39346,1.37,1.00
2016.03.17 12:03:14.719,1.39312,1.39346,1.37,1.00
2016.03.17 12:03:15.242,1.39312,1.39347,1.37,1.00
2016.03.17 12:03:15.396,1.39312,1.39344,1.37,1.00
2016.03.17 12:03:15.929,1.39312,1.39344,1.37,1.00
2016.03.17 12:03:16.446,1.39312,1.39345,1.37,1.87
2016.03.17 12:03:16.724,1.39312,1.39345,1.00,1.87
2016.03.17 12:03:16.827,1.39315,1.39345,1.37,1.50
2016.03.17 12:03:17.134,1.39312,1.39342,1.00,1.00
2016.03.17 12:03:17.491,1.3931,1.39339,1.37,1.00
2016.03.17 12:03:17.849,1.3931,1.3934,1.87,1.00
2016.03.17 12:03:18.153,1.3931,1.39342,1.87,1.00
2016.03.17 12:03:18.409,1.39313,1.39344,1.37,1.00
2016.03.17 12:03:18.920,1.39313,1.39339,1.00,1.00
2016.03.17 12:03:19.081,1.3931,1.39339,1.37,1.00
2016.03.17 12:03:19.336,1.3931,1.39339,1.37,1.00
2016.03.17 12:03:19.861,1.3931,1.3934,1.37,1.00
2016.03.17 12:03:20.444,1.3931,1.39339,1.37,1.00
2016.03.17 12:03:20.926,1.39309,1.39339,1.37,1.00
2016.03.17 12:03:21.028,1.39307,1.3934,1.37,1.00
2016.03.17 12:03:21.130,1.39307,1.3934,1.37,1.00
2016.03.17 12:03:21.448,1.39307,1.39343,1.00,1.71
2016.03.17 12:03:21.551,1.39302,1.39335,1.75,1.37
2016.03.17 12:03:21.602,1.39301,1.39332,1.37,1.00
2016.03.17 12:03:21.908,1.39296,1.39328,1.12,1.50
2016.03.17 12:03:22.418,1.39296,1.3933,1.37,1.00
2016.03.17 12:03:22.927,1.39295,1.39329,1.37,1.50
2016.03.17 12:03:23.131,1.39295,1.39325,1.37,1.00
2016.03.17 12:03:23.233,1.39295,1.39323,1.37,1.00
2016.03.17 12:03:23.540,1.39291,1.39327,1.87,1.00
2016.03.17 12:03:23.664,1.39291,1.39325,1.87,1.00
2016.03.17 12:03:24.181,1.39291,1.39324,1.87,1.00
2016.03.17 12:03:24.486,1.39294,1.39324,1.37,1.00
2016.03.17 12:03:24.945,1.3929,1.39324,1.37,1.00
2016.03.17 12:03:25.108,1.3929,1.39322,1.37,1.00
2016.03.17 12:03:25.263,1.39288,1.39319,1.00,1.12
2016.03.17 12:03:25.314,1.39283,1.39319,1.37,1.12
2016.03.17 12:03:25.367,1.39283,1.39311,1.37,1.00
2016.03.17 12:03:25.470,1.3928,1.39311,1.00,1.00
2016.03.17 12:03:25.572,1.39277,1.39312,1.12,1.00
2016.03.17 12:03:25.889,1.39277,1.39306,1.12,1.00
2016.03.17 12:03:26.093,1.39277,1.39309,1.12,1.00
2016.03.17 12:03:26.213,1.39276,1.39306,1.37,1.00
2016.03.17 12:03:27.331,1.39275,1.39306,1.12,1.00
2016.03.17 12:03:27.434,1.39273,1.39305,1.12,1.00
2016.03.17 12:03:27.639,1.39275,1.39307,1.37,1.00
2016.03.17 12:03:28.000,1.39276,1.39309,1.37,1.00
2016.03.17 12:03:28.551,1.39276,1.39309,1.37,2.21
2016.03.17 12:03:28.858,1.39275,1.39308,1.12,1.46
2016.03.17 12:03:29.373,1.39275,1.39308,1.37,1.34
2016.03.17 12:03:29.526,1.39275,1.39308,1.12,1.34
2016.03.17 12:03:29.769,1.39276,1.39308,1.37,1.34
2016.03.17 12:03:30.537,1.39275,1.39306,1.37,1.09
2016.03.17 12:03:30.640,1.39275,1.39306,1.37,1.09
2016.03.17 12:03:31.374,1.39276,1.39308,1.37,1.00
2016.03.17 12:03:31.833,1.39275,1.39306,1.37,1.00
2016.03.17 12:03:32.480,1.39272,1.39306,1.37,1.00
2016.03.17 12:03:32.786,1.39276,1.39306,1.37,1.00
2016.03.17 12:03:33.092,1.39282,1.39303,1.37,1.00
2016.03.17 12:03:33.144,1.39285,1.39317,1.37,1.87
2016.03.17 12:03:33.981,1.39288,1.3932,1.00,1.87
2016.03.17 12:03:34.134,1.39288,1.3932,1.00,1.37
2016.03.17 12:03:34.666,1.39285,1.3932,1.75,1.37
2016.03.17 12:03:34.718,1.39284,1.39317,1.12,1.00
2016.03.17 12:03:35.773,1.39284,1.39317,1.12,1.75
2016.03.17 12:03:36.192,1.39282,1.39317,1.37,1.75
2016.03.17 12:03:36.599,1.3928,1.39313,1.50,1.12
2016.03.17 12:03:37.112,1.39281,1.39312,1.00,1.00
2016.03.17 12:03:37.878,1.39281,1.39315,1.00,1.50
2016.03.17 12:03:38.255,1.39281,1.39315,1.00,1.50
2016.03.17 12:03:38.868,1.39281,1.39311,1.00,1.00
2016.03.17 12:03:39.174,1.3928,1.39311,1.00,1.37
2016.03.17 12:03:39.307,1.3928,1.39311,1.00,1.00
2016.03.17 12:03:39.410,1.3928,1.39311,1.00,1.50
2016.03.17 12:03:39.666,1.39276,1.39311,2.62,1.50
2016.03.17 12:03:39.768,1.39278,1.39313,1.00,1.75
2016.03.17 12:03:39.819,1.39278,1.39313,1.00,1.37
2016.03.17 12:03:39.870,1.39291,1.39313,1.00,1.75
2016.03.17 12:03:40.075,1.39291,1.39318,1.00,1.00
2016.03.17 12:03:40.177,1.39291,1.39323,1.00,1.12
2016.03.17 12:03:40.373,1.39295,1.39323,1.00,1.12
2016.03.17 12:03:41.402,1.39296,1.39327,1.00,1.75
2016.03.17 12:03:41.562,1.39292,1.39327,1.00,1.37
2016.03.17 12:03:41.614,1.39296,1.39327,1.00,1.37
2016.03.17 12:03:41.869,1.39291,1.39323,1.12,1.00
2016.03.17 12:03:42.175,1.39286,1.39319,1.75,1.00
2016.03.17 12:03:42.485,1.39285,1.39316,1.87,1.00
2016.03.17 12:03:42.537,1.39285,1.39316,1.87,1.00
2016.03.17 12:03:42.668,1.39281,1.39318,1.87,1.00
2016.03.17 12:03:42.720,1.39281,1.39318,1.87,1.00
2016.03.17 12:03:42.825,1.39285,1.39322,1.12,1.37
2016.03.17 12:03:43.182,1.39288,1.39324,1.00,1.12
2016.03.17 12:03:43.335,1.39288,1.39324,1.37,1.00
2016.03.17 12:03:43.868,1.39288,1.39323,1.37,1.00
2016.03.17 12:03:44.193,1.39293,1.39323,1.00,1.00
2016.03.17 12:03:44.397,1.39293,1.39327,1.87,1.00
2016.03.17 12:03:44.499,1.39295,1.3933,1.87,1.12
2016.03.17 12:03:44.704,1.39296,1.3933,1.87,1.12
2016.03.17 12:03:45.036,1.39296,1.39328,2.62,1.00
2016.03.17 12:03:45.552,1.39296,1.39328,1.87,1.00
2016.03.17 12:03:46.157,1.39297,1.39331,1.75,1.00
2016.03.17 12:03:46.801,1.39297,1.39331,1.75,1.00
2016.03.17 12:03:47.399,1.39297,1.39333,1.00,1.00
2016.03.17 12:03:47.451,1.39293,1.39327,2.62,1.00
2016.03.17 12:03:47.961,1.39293,1.39327,1.87,1.00
2016.03.17 12:03:48.063,1.39295,1.39327,1.00,1.00
2016.03.17 12:03:48.216,1.39295,1.39325,1.00,1.00
2016.03.17 12:03:48.523,1.39295,1.39323,1.50,1.37
2016.03.17 12:03:49.236,1.39291,1.39323,1.37,1.37
2016.03.17 12:03:49.460,1.39291,1.39323,1.75,1.37
2016.03.17 12:03:49.720,1.3929,1.39323,3.37,1.37
2016.03.17 12:03:49.980,1.3929,1.39323,2.25,1.37
2016.03.17 12:03:50.133,1.3929,1.39323,1.50,1.37
2016.03.17 12:03:51.289,1.39291,1.39323,1.37,1.00
2016.03.17 12:03:51.544,1.39293,1.39323,1.37,1.00
2016.03.17 12:03:51.647,1.39301,1.39328,1.12,1.87
2016.03.17 12:03:51.699,1.39301,1.39328,1.87,1.87
2016.03.17 12:03:52.607,1.393,1.39334,2.62,1.87
2016.03.17 12:03:52.709,1.393,1.39334,1.50,1.87
2016.03.17 12:03:52.761,1.393,1.39334,2.25,1.87
2016.03.17 12:03:52.934,1.39306,1.39332,1.00,1.00
2016.03.17 12:03:52.986,1.39301,1.39332,1.00,1.00
2016.03.17 12:03:53.192,1.39296,1.39328,1.37,1.00
2016.03.17 12:03:53.447,1.39296,1.39328,1.00,1.00
2016.03.17 12:03:53.499,1.39296,1.39326,1.00,1.00
2016.03.17 12:03:53.812,1.39295,1.39328,1.37,2.62
2016.03.17 12:03:54.171,1.39292,1.39325,1.37,1.00
2016.03.17 12:03:54.381,1.39291,1.39318,1.12,1.00
2016.03.17 12:03:54.536,1.3929,1.3932,1.37,1.00
2016.03.17 12:03:54.588,1.3929,1.39323,1.87,1.34
2016.03.17 12:03:54.753,1.39291,1.39321,1.00,1.09
2016.03.17 12:03:54.958,1.39285,1.39321,1.87,1.09
2016.03.17 12:03:55.060,1.39292,1.39324,1.37,1.50
2016.03.17 12:03:55.163,1.3929,1.39324,2.62,1.00
2016.03.17 12:03:55.369,1.39291,1.39326,1.50,1.00
2016.03.17 12:03:55.902,1.39293,1.39327,1.37,1.87
2016.03.17 12:03:56.413,1.39295,1.39331,1.37,1.37
2016.03.17 12:03:56.566,1.39295,1.39327,1.12,1.00
2016.03.17 12:03:56.668,1.39291,1.39327,2.25,1.00
2016.03.17 12:03:56.771,1.39291,1.39327,2.25,1.50
2016.03.17 12:03:56.823,1.3929,1.39323,1.87,1.00
2016.03.17 12:03:57.511,1.39291,1.39323,1.37,1.09
2016.03.17 12:03:57.562,1.39291,1.39324,1.37,1.50
2016.03.17 12:03:57.766,1.39295,1.39324,1.87,1.00
2016.03.17 12:03:58.087,1.39299,1.39332,1.37,1.00
2016.03.17 12:03:58.241,1.39299,1.3933,1.37,1.00
2016.03.17 12:03:58.760,1.39299,1.39331,1.37,1.00
2016.03.17 12:03:59.117,1.39299,1.39329,1.87,1.00
2016.03.17 12:03:59.609,1.39305,1.39328,1.37,1.00
2016.03.17 12:04:00.693,1.39306,1.39337,1.37,1.00
2016.03.17 12:04:00.897,1.39306,1.39337,1.37,1.50
2016.03.17 12:04:01.508,1.3931,1.39337,1.37,1.12
2016.03.17 12:04:02.038,1.39307,1.39338,1.12,1.37
2016.03.17 12:04:02.548,1.39307,1.39338,1.12,1.00
2016.03.17 12:04:02.804,1.3931,1.39339,1.12,1.00
2016.03.17 12:04:02.855,1.3931,1.39342,1.12,1.00
2016.03.17 12:04:02.907,1.39309,1.39342,1.37,1.00
2016.03.17 12:04:03.020,1.39309,1.3934,1.37,1.37
2016.03.17 12:04:03.072,1.39308,1.39337,1.37,1.00
2016.03.17 12:04:03.227,1.39299,1.3933,1.37,1.00
2016.03.17 12:04:03.280,1.39299,1.39324,1.37,1.00
2016.03.17 12:04:03.332,1.39294,1.39324,1.50,1.00
2016.03.17 12:04:03.688,1.39291,1.39324,1.37,1.00
2016.03.17 12:04:04.267,1.39294,1.39325,1.37,1.00
2016.03.17 12:04:04.573,1.39297,1.39331,2.62,1.00
2016.03.17 12:04:04.624,1.39299,1.39334,1.37,1.50
2016.03.17 12:04:04.727,1.39299,1.39334,1.37,1.50
2016.03.17 12:04:05.032,1.39298,1.39332,2.25,1.00
2016.03.17 12:04:05.611,1.39297,1.3933,2.62,1.00
2016.03.17 12:04:05.713,1.39298,1.3933,1.37,1.00
2016.03.17 12:04:05.917,1.39296,1.39326,1.37,1.00
2016.03.17 12:04:06.020,1.39296,1.39326,1.12,1.00
2016.03.17 12:04:06.478,1.39294,1.39321,1.87,1.00
2016.03.17 12:04:06.823,1.39295,1.39323,1.87,1.00
2016.03.17 12:04:07.029,1.39295,1.39325,1.87,1.00
2016.03.17 12:04:07.690,1.39295,1.39321,1.37,1.00
2016.03.17 12:04:07.742,1.39292,1.39321,1.37,1.00
2016.03.17 12:04:07.793,1.39292,1.39316,1.37,1.00
2016.03.17 12:04:07.844,1.39285,1.39316,2.62,1.00
2016.03.17 12:04:08.905,1.39286,1.39319,1.50,1.50
2016.03.17 12:04:09.209,1.39286,1.39319,1.12,1.50
2016.03.17 12:04:09.514,1.39286,1.39319,1.50,1.50
2016.03.17 12:04:09.609,1.39286,1.39319,1.50,1.87
2016.03.17 12:04:09.662,1.39286,1.39316,1.50,1.00
2016.03.17 12:04:09.969,1.3928,1.39313,1.87,1.00
2016.03.17 12:04:10.021,1.3928,1.39309,1.50,1.00
2016.03.17 12:04:10.124,1.39276,1.39307,1.50,1.00
2016.03.17 12:04:10.431,1.39279,1.39309,1.37,1.00
2016.03.17 12:04:11.360,1.39277,1.3931,1.50,1.00
2016.03.17 12:04:11.463,1.39277,1.3931,1.50,1.00
2016.03.17 12:04:11.617,1.39276,1.39309,2.25,1.00
2016.03.17 12:04:12.003,1.39276,1.39307,2.25,1.00
2016.03.17 12:04:12.361,1.39276,1.39307,1.75,1.12
2016.03.17 12:04:12.885,1.39276,1.39307,1.75,1.12
2016.03.17 12:04:13.670,1.39275,1.39307,1.87,1.12
2016.03.17 12:04:14.043,1.39275,1.39307,1.75,1.50
2016.03.17 12:04:14.749,1.39275,1.39307,1.75,1.12
2016.03.17 12:04:14.852,1.39275,1.39304,1.75,1.12
2016.03.17 12:04:15.160,1.39271,1.39301,1.12,1.00
2016.03.17 12:04:15.313,1.39266,1.393,1.37,1.87
2016.03.17 12:04:15.620,1.39265,1.39294,1.37,1.00
2016.03.17 12:04:15.671,1.39262,1.39294,1.12,1.00
2016.03.17 12:04:16.251,1.39262,1.39294,1.50,1.00
2016.03.17 12:04:16.404,1.39262,1.3929,1.50,1.00
2016.03.17 12:04:17.474,1.39261,1.39287,1.12,1.00
2016.03.17 12:04:17.576,1.39261,1.39289,1.12,1.00
2016.03.17 12:04:17.729,1.3926,1.39289,1.50,1.00
2016.03.17 12:04:18.035,1.3926,1.39287,1.50,1.00
2016.03.17 12:04:18.240,1.3926,1.3929,1.00,1.87
2016.03.17 12:04:18.475,1.3926,1.3929,1.50,1.12
2016.03.17 12:04:18.832,1.39262,1.39296,1.37,1.00
2016.03.17 12:04:19.340,1.39261,1.39296,1.37,1.50
2016.03.17 12:04:19.576,1.39262,1.39296,1.00,1.50
2016.03.17 12:04:19.731,1.39261,1.39296,2.62,1.00
2016.03.17 12:04:19.987,1.39266,1.39298,1.00,1.50
2016.03.17 12:04:20.995,1.39265,1.39296,1.37,1.00
2016.03.17 12:04:21.249,1.39261,1.39292,1.50,1.00
2016.03.17 12:04:21.870,1.39265,1.39293,1.12,1.00
2016.03.17 12:04:22.126,1.39266,1.393,2.25,1.00
2016.03.17 12:04:22.658,1.39271,1.39301,1.12,1.12
2016.03.17 12:04:23.014,1.3927,1.39304,1.37,1.00
2016.03.17 12:04:23.117,1.39271,1.39306,1.12,1.00
2016.03.17 12:04:23.168,1.39271,1.39306,1.87,1.00
2016.03.17 12:04:23.320,1.39272,1.39308,1.37,1.50
2016.03.17 12:04:23.732,1.39271,1.39304,1.87,1.00
2016.03.17 12:04:23.885,1.39274,1.39306,1.12,1.50
2016.03.17 12:04:24.683,1.39272,1.39306,1.75,1.50
2016.03.17 12:04:25.190,1.39272,1.39306,1.75,1.87
2016.03.17 12:04:25.292,1.39272,1.39306,1.75,1.50
2016.03.17 12:04:25.394,1.39271,1.39304,1.75,1.00
2016.03.17 12:04:25.649,1.3927,1.39303,1.00,1.00
2016.03.17 12:04:25.854,1.39268,1.39301,1.37,1.00
2016.03.17 12:04:26.191,1.39267,1.39299,1.37,1.00
2016.03.17 12:04:26.780,1.39267,1.39299,1.75,1.00
2016.03.17 12:04:26.832,1.39269,1.39303,1.37,1.00
2016.03.17 12:04:28.266,1.39271,1.39301,1.12,1.00
2016.03.17 12:04:28.318,1.39267,1.39301,1.00,1.00
2016.03.17 12:04:28.471,1.39265,1.39299,1.87,1.00
2016.03.17 12:04:28.827,1.39261,1.39296,5.25,1.00
2016.03.17 12:04:29.134,1.39257,1.39286,1.00,1.00
2016.03.17 12:04:29.236,1.39257,1.39288,1.00,1.00
2016.03.17 12:04:29.815,1.39257,1.39286,1.00,1.00
2016.03.17 12:04:30.274,1.39253,1.39286,1.00,1.37
2016.03.17 12:04:30.376,1.3925,1.39285,1.00,1.12
2016.03.17 12:04:30.912,1.39249,1.39285,1.37,1.37
2016.03.17 12:04:31.015,1.39252,1.39286,1.37,1.00
2016.03.17 12:04:31.117,1.39253,1.39289,1.37,1.12
2016.03.17 12:04:31.219,1.39253,1.39289,1.00,1.12
2016.03.17 12:04:31.321,1.39256,1.3929,1.00,1.00
2016.03.17 12:04:31.644,1.39258,1.39294,1.00,1.37
2016.03.17 12:04:31.746,1.39256,1.39292,1.37,1.87
2016.03.17 12:04:32.052,1.39252,1.39286,1.75,1.00
2016.03.17 12:04:32.104,1.39255,1.39289,1.37,1.00
2016.03.17 12:04:32.499,1.39256,1.39292,1.50,1.00
2016.03.17 12:04:32.654,1.39259,1.39293,1.00,1.00
2016.03.17 12:04:32.911,1.39256,1.39292,1.50,1.00
2016.03.17 12:04:33.013,1.39256,1.39289,1.50,1.00
2016.03.17 12:04:33.323,1.39309,1.39331,1.00,1.87
2016.03.17 12:04:33.500,1.39331,1.39354,1.00,1.75
2016.03.17 12:04:33.552,1.39331,1.39356,1.00,1.00
2016.03.17 12:04:33.603,1.39325,1.39356,1.00,1.00
2016.03.17 12:04:33.756,1.39326,1.3936,1.00,1.12
2016.03.17 12:04:33.910,1.39322,1.3936,1.37,1.12
2016.03.17 12:04:34.116,1.39322,1.39357,1.37,1.00
2016.03.17 12:04:34.445,1.39321,1.39354,1.37,1.00
2016.03.17 12:04:35.838,1.39321,1.39353,1.87,1.00
2016.03.17 12:04:36.625,1.39316,1.3935,2.62,1.00
2016.03.17 12:04:36.748,1.39316,1.3935,1.87,1.00
2016.03.17 12:04:36.951,1.39317,1.39353,1.87,1.00
2016.03.17 12:04:37.165,1.39317,1.39351,1.12,1.00
2016.03.17 12:04:37.683,1.39316,1.39351,1.87,1.00
2016.03.17 12:04:37.734,1.3932,1.39354,1.12,1.87
2016.03.17 12:04:37.956,1.39321,1.39356,1.00,1.00
2016.03.17 12:04:38.059,1.39321,1.39351,1.00,1.00
2016.03.17 12:04:38.365,1.39322,1.39358,1.37,1.00
2016.03.17 12:04:38.518,1.39326,1.39358,1.00,1.00
2016.03.17 12:04:38.983,1.39322,1.39358,1.37,1.00
2016.03.17 12:04:39.190,1.39322,1.39358,1.37,1.00
2016.03.17 12:04:39.598,1.39321,1.39356,2.25,1.00
2016.03.17 12:04:39.904,1.39321,1.39348,1.37,1.00
2016.03.17 12:04:40.178,1.39316,1.39346,1.00,1.00
2016.03.17 12:04:40.230,1.39316,1.39344,1.00,1.00
2016.03.17 12:04:40.690,1.39315,1.39346,1.50,1.00
2016.03.17 12:04:41.155,1.39315,1.3935,2.25,1.00
2016.03.17 12:04:41.613,1.3932,1.39355,1.87,1.46
2016.03.17 12:04:41.665,1.3932,1.39355,1.87,1.12
2016.03.17 12:04:41.716,1.39326,1.39356,1.00,1.00
2016.03.17 12:04:42.073,1.39335,1.39367,1.00,1.12
2016.03.17 12:04:42.227,1.39337,1.39367,1.00,1.00
2016.03.17 12:04:42.535,1.39335,1.39367,1.00,1.87
2016.03.17 12:04:42.637,1.39336,1.39367,1.00,1.00
2016.03.17 12:04:43.460,1.39335,1.39368,1.37,1.50
2016.03.17 12:04:43.919,1.39341,1.39367,1.00,1.00
2016.03.17 12:04:44.349,1.39341,1.39363,1.00,1.00
2016.03.17 12:04:44.400,1.39336,1.39363,1.37,1.00
2016.03.17 12:04:44.452,1.39336,1.39359,1.37,1.00
2016.03.17 12:04:44.862,1.39328,1.3936,1.37,1.00
2016.03.17 12:04:44.913,1.39328,1.39358,1.37,1.00
2016.03.17 12:04:45.189,1.39332,1.39358,1.00,1.00
2016.03.17 12:04:45.241,1.39332,1.39367,2.62,1.00
2016.03.17 12:04:45.344,1.39339,1.3937,1.00,1.37
2016.03.17 12:04:45.396,1.39339,1.39372,1.37,1.00
2016.03.17 12:04:45.499,1.39342,1.39372,1.00,1.00
2016.03.17 12:04:45.655,1.3934,1.39372,2.25,1.00
2016.03.17 12:04:46.804,1.39338,1.39372,2.62,1.00
2016.03.17 12:04:47.331,1.39338,1.39373,2.62,1.00
2016.03.17 12:04:47.744,1.3934,1.39372,1.00,1.37
2016.03.17 12:04:48.000,1.39336,1.39371,1.50,1.12
2016.03.17 12:04:48.103,1.39341,1.39371,1.00,1.50
2016.03.17 12:04:48.623,1.3934,1.39372,1.00,2.25
2016.03.17 12:04:48.779,1.39336,1.39372,2.25,2.25
2016.03.17 12:04:48.934,1.39336,1.39372,2.25,2.25
2016.03.17 12:04:49.393,1.39333,1.39364,1.00,1.00
2016.03.17 12:04:49.444,1.39333,1.39366,1.00,1.12
2016.03.17 12:04:49.750,1.39332,1.39364,1.00,1.00
2016.03.17 12:04:50.340,1.39336,1.39368,1.00,1.77
2016.03.17 12:04:51.093,1.39332,1.39368,1.00,1.77
2016.03.17 12:04:51.168,1.39336,1.39368,1.00,1.02
2016.03.17 12:04:51.271,1.39332,1.39364,1.00,1.27
2016.03.17 12:04:51.323,1.39332,1.39366,1.37,1.37
2016.03.17 12:04:51.631,1.39331,1.39363,1.50,1.00
2016.03.17 12:04:52.407,1.39331,1.3936,1.12,1.00
2016.03.17 12:04:52.714,1.39326,1.39358,1.87,1.00
2016.03.17 12:04:53.255,1.39325,1.39359,1.12,1.00
2016.03.17 12:04:53.410,1.39325,1.39359,1.50,1.00
2016.03.17 12:04:53.615,1.39316,1.39351,1.00,1.37
2016.03.17 12:04:53.718,1.3932,1.39355,1.00,1.50
2016.03.17 12:04:53.871,1.39318,1.39355,1.00,2.25
2016.03.17 12:04:53.923,1.39315,1.39349,2.62,1.00
2016.03.17 12:04:54.251,1.39316,1.39347,1.12,1.00
2016.03.17 12:04:54.787,1.39315,1.39345,1.12,1.00
2016.03.17 12:04:55.042,1.3931,1.39345,1.87,1.12
2016.03.17 12:04:55.185,1.39311,1.39342,1.00,1.00
2016.03.17 12:04:55.389,1.3931,1.39344,1.87,1.00
2016.03.17 12:04:55.441,1.39311,1.39346,1.00,1.00
2016.03.17 12:04:55.595,1.39316,1.39346,1.00,1.00
2016.03.17 12:04:55.951,1.39314,1.39349,1.37,2.25
2016.03.17 12:04:56.054,1.39316,1.39349,1.37,1.00
2016.03.17 12:04:56.274,1.39315,1.39349,1.37,1.00
2016.03.17 12:04:56.344,1.39315,1.39349,1.37,1.00
2016.03.17 12:04:56.446,1.39315,1.39349,1.12,1.00
2016.03.17 12:04:56.954,1.39316,1.39349,1.00,1.00
2016.03.17 12:04:57.249,1.39314,1.39349,1.00,1.00
2016.03.17 12:04:57.670,1.39316,1.39349,1.00,1.00
2016.03.17 12:04:57.976,1.39316,1.39346,1.00,1.00
2016.03.17 12:04:58.111,1.39311,1.39346,1.00,1.00
2016.03.17 12:04:58.213,1.39313,1.3935,1.00,1.87
2016.03.17 12:04:58.264,1.39315,1.3935,1.00,1.12
2016.03.17 12:04:58.571,1.39326,1.3936,1.37,3.75
2016.03.17 12:04:58.879,1.39331,1.3936,1.37,3.00
2016.03.17 12:04:59.338,1.39331,1.3936,1.37,1.34
2016.03.17 12:04:59.389,1.39331,1.3936,1.00,1.71
2016.03.17 12:04:59.563,1.39325,1.39358,1.12,1.12
2016.03.17 12:04:59.871,1.39326,1.39356,1.00,1.37
2016.03.17 12:04:59.924,1.39322,1.39356,1.00,1.37
2016.03.17 12:05:00.077,1.39322,1.39356,1.37,1.00
2016.03.17 12:05:00.282,1.39321,1.39354,1.87,1.00
2016.03.17 12:05:00.435,1.39321,1.39351,1.00,1.00
2016.03.17 12:05:00.620,1.39316,1.39349,1.87,1.00
2016.03.17 12:05:00.774,1.39317,1.39349,1.37,1.00
2016.03.17 12:05:00.877,1.39321,1.39356,1.00,1.37
2016.03.17 12:05:00.979,1.39321,1.39356,1.37,1.00
2016.03.17 12:05:01.498,1.39324,1.39357,1.00,1.37
2016.03.17 12:05:01.668,1.39324,1.39357,1.37,1.00
2016.03.17 12:05:02.382,1.39326,1.39358,1.37,1.00
2016.03.17 12:05:02.484,1.39326,1.39358,1.00,1.00
2016.03.17 12:05:03.166,1.39324,1.39357,1.37,1.00
2016.03.17 12:05:03.779,1.39324,1.39357,1.00,1.37
2016.03.17 12:05:03.832,1.39321,1.39353,1.12,1.00
2016.03.17 12:05:03.954,1.39317,1.3935,1.37,1.00
2016.03.17 12:05:04.007,1.39317,1.3935,1.00,1.87
2016.03.17 12:05:04.365,1.39314,1.39347,1.00,1.00
2016.03.17 12:05:04.518,1.39314,1.39347,1.00,1.37
2016.03.17 12:05:04.620,1.39312,1.39346,1.00,1.37
2016.03.17 12:05:05.127,1.39311,1.39344,1.50,1.00
2016.03.17 12:05:05.714,1.39314,1.39348,1.00,1.00
2016.03.17 12:05:05.816,1.39314,1.39348,1.00,1.37
2016.03.17 12:05:05.919,1.39312,1.39346,1.00,1.37
2016.03.17 12:05:06.431,1.39311,1.39343,1.12,1.00
2016.03.17 12:05:07.442,1.39312,1.39345,1.00,1.37
2016.03.17 12:05:07.769,1.39315,1.39348,1.00,1.00
2016.03.17 12:05:07.922,1.39312,1.39347,1.37,1.12
2016.03.17 12:05:08.024,1.39313,1.39347,1.50,1.12
2016.03.17 12:05:08.331,1.39306,1.39339,3.00,1.50
2016.03.17 12:05:08.636,1.3931,1.3934,1.00,1.37
2016.03.17 12:05:08.751,1.39307,1.3934,1.12,1.37
2016.03.17 12:05:08.905,1.39309,1.39337,1.00,1.37
2016.03.17 12:05:09.229,1.39309,1.39335,1.00,1.12
2016.03.17 12:05:09.331,1.39306,1.39335,1.00,1.12
2016.03.17 12:05:09.882,1.39303,1.39335,1.37,1.12
2016.03.17 12:05:10.583,1.39305,1.39335,1.00,1.12
2016.03.17 12:05:11.092,1.39304,1.39335,1.12,1.12
2016.03.17 12:05:11.637,1.39307,1.39335,1.00,1.12
2016.03.17 12:05:11.942,1.39317,1.39344,1.00,1.87
2016.03.17 12:05:12.096,1.39321,1.39344,1.00,1.12
2016.03.17 12:05:12.147,1.39321,1.39344,1.00,1.75
2016.03.17 12:05:12.198,1.39315,1.39341,1.00,1.12
2016.03.17 12:05:12.412,1.39312,1.39344,1.00,1.75
2016.03.17 12:05:12.842,1.39314,1.39345,1.00,1.87
2016.03.17 12:05:13.045,1.39311,1.39345,1.12,2.62
2016.03.17 12:05:13.702,1.39313,1.39344,1.00,1.75
2016.03.17 12:05:14.408,1.39313,1.39341,1.00,1.12
2016.03.17 12:05:14.945,1.39311,1.39341,1.12,1.12
2016.03.17 12:05:16.861,1.39311,1.3934,1.12,1.00
2016.03.17 12:05:17.411,1.39311,1.39341,1.87,1.12
2016.03.17 12:05:17.666,1.39315,1.39345,1.37,1.75
2016.03.17 12:05:17.718,1.39319,1.39348,1.12,1.50
2016.03.17 12:05:17.821,1.3932,1.39348,1.50,1.00
2016.03.17 12:05:17.924,1.39326,1.39356,1.37,1.50
2016.03.17 12:05:18.028,1.39331,1.39356,1.37,1.00
2016.03.17 12:05:18.131,1.3934,1.39367,1.87,1.00
2016.03.17 12:05:18.233,1.3935,1.39368,1.37,1.00
2016.03.17 12:05:18.286,1.3935,1.39374,1.87,1.00
2016.03.17 12:05:18.396,1.39353,1.39377,1.37,1.00
2016.03.17 12:05:18.499,1.39353,1.39378,1.00,1.00
2016.03.17 12:05:18.550,1.39346,1.39378,1.12,1.00
2016.03.17 12:05:18.652,1.3934,1.39373,1.37,1.00
2016.03.17 12:05:19.221,1.39341,1.39374,1.37,1.00
2016.03.17 12:05:20.441,1.39341,1.39374,1.50,1.00
2016.03.17 12:05:20.543,1.39343,1.39375,1.00,1.12
2016.03.17 12:05:20.874,1.39334,1.39367,1.87,1.00
2016.03.17 12:05:21.132,1.39332,1.39365,1.50,1.12
2016.03.17 12:05:21.337,1.39331,1.39362,1.00,1.00
2016.03.17 12:05:21.927,1.39331,1.39364,1.00,1.00
2016.03.17 12:05:21.978,1.39332,1.39366,1.37,1.00
2016.03.17 12:05:22.080,1.39333,1.39368,1.37,1.00
2016.03.17 12:05:22.183,1.39335,1.3937,1.12,1.87
2016.03.17 12:05:22.285,1.39336,1.39369,1.87,1.00
2016.03.17 12:05:22.438,1.39341,1.39372,1.12,1.00
2016.03.17 12:05:22.540,1.3934,1.3937,1.37,1.00
2016.03.17 12:05:22.642,1.3934,1.3937,1.37,1.00
2016.03.17 12:05:23.117,1.39341,1.39373,1.12,1.00
2016.03.17 12:05:23.219,1.39341,1.39374,2.25,1.87
2016.03.17 12:05:23.738,1.39341,1.39373,1.50,1.00
2016.03.17 12:05:25.060,1.39341,1.39371,1.37,1.00
2016.03.17 12:05:25.367,1.39341,1.39373,1.37,1.00
2016.03.17 12:05:25.925,1.3934,1.39373,1.75,1.00
2016.03.17 12:05:26.451,1.3934,1.39372,1.75,1.00
2016.03.17 12:05:26.914,1.39341,1.39374,2.25,1.87
2016.03.17 12:05:27.147,1.39341,1.39374,1.75,1.00
2016.03.17 12:05:27.250,1.39341,1.39374,1.50,1.12
2016.03.17 12:05:27.662,1.39341,1.39374,2.25,1.50
2016.03.17 12:05:28.214,1.39341,1.39374,2.25,1.50
2016.03.17 12:05:28.750,1.39345,1.39374,1.50,1.12
2016.03.17 12:05:29.061,1.39338,1.39359,1.87,1.00
2016.03.17 12:05:29.165,1.39338,1.39365,1.87,1.12
2016.03.17 12:05:29.342,1.39339,1.39366,1.66,1.00
2016.03.17 12:05:29.558,1.39339,1.39366,1.66,1.37
2016.03.17 12:05:29.661,1.39339,1.39366,1.66,1.00
2016.03.17 12:05:29.764,1.39338,1.39365,1.87,1.00
2016.03.17 12:05:30.816,1.39338,1.39364,1.87,1.00
2016.03.17 12:05:31.365,1.39338,1.39365,1.87,1.00
2016.03.17 12:05:31.774,1.39336,1.39364,1.12,1.00
2016.03.17 12:05:32.282,1.39336,1.39365,1.87,1.00
2016.03.17 12:05:32.384,1.39336,1.39365,1.87,1.00
2016.03.17 12:05:32.474,1.39336,1.39362,1.87,1.00
2016.03.17 12:05:32.990,1.39336,1.39362,1.50,1.00
2016.03.17 12:05:33.296,1.39336,1.39362,1.87,1.00
2016.03.17 12:05:33.610,1.39336,1.39362,1.37,1.00
2016.03.17 12:05:33.813,1.39336,1.39362,1.12,1.00
2016.03.17 12:05:34.068,1.39336,1.39366,1.87,1.00
2016.03.17 12:05:34.120,1.39342,1.39366,2.14,1.00
2016.03.17 12:05:34.172,1.39344,1.39369,1.50,1.00
2016.03.17 12:05:34.225,1.39344,1.39374,1.50,1.87
2016.03.17 12:05:34.329,1.39344,1.39369,1.50,1.00
2016.03.17 12:05:34.647,1.39344,1.39374,1.50,1.37
2016.03.17 12:05:35.068,1.39346,1.39374,1.12,1.12
2016.03.17 12:05:36.054,1.39347,1.39375,1.02,1.37
2016.03.17 12:05:37.082,1.39347,1.39375,1.02,1.12
2016.03.17 12:05:37.490,1.39347,1.39371,1.02,1.00
2016.03.17 12:05:37.705,1.39343,1.39373,1.27,1.00
2016.03.17 12:05:37.807,1.39343,1.39371,1.27,1.00
2016.03.17 12:05:38.214,1.39343,1.39371,1.27,1.37
2016.03.17 12:05:38.571,1.39343,1.39371,2.25,1.37
2016.03.17 12:05:38.622,1.39343,1.39371,2.25,1.00
2016.03.17 12:05:38.902,1.39343,1.39371,2.25,1.37
2016.03.17 12:05:39.005,1.39343,1.39371,2.25,1.00
2016.03.17 12:05:39.210,1.39343,1.39374,2.25,1.87
2016.03.17 12:05:39.466,1.39343,1.39369,2.25,1.00
2016.03.17 12:05:39.696,1.39343,1.39372,2.25,1.00
2016.03.17 12:05:40.421,1.39343,1.39372,2.25,1.37
2016.03.17 12:05:41.673,1.39341,1.39371,1.87,1.71
2016.03.17 12:05:41.993,1.3933,1.39353,1.12,1.00
2016.03.17 12:05:42.502,1.3933,1.39354,1.12,1.12
2016.03.17 12:05:42.758,1.39341,1.3937,1.50,1.37
2016.03.17 12:05:42.932,1.39341,1.39366,1.50,1.00
2016.03.17 12:05:43.086,1.39341,1.39369,1.50,1.00
2016.03.17 12:05:43.188,1.39341,1.39371,1.50,1.12
2016.03.17 12:05:43.241,1.3934,1.39371,2.25,1.12
2016.03.17 12:05:43.651,1.39341,1.39374,1.50,1.12
2016.03.17 12:05:44.073,1.39336,1.39365,1.12,1.00
2016.03.17 12:05:44.382,1.39328,1.39359,1.75,1.00
2016.03.17 12:05:44.535,1.39326,1.39359,1.87,1.00
2016.03.17 12:05:44.861,1.39327,1.39361,1.12,1.50
2016.03.17 12:05:45.747,1.39334,1.39359,1.00,1.12
2016.03.17 12:05:45.800,1.39328,1.39359,1.12,1.12
2016.03.17 12:05:46.313,1.39328,1.39358,1.12,1.00
2016.03.17 12:05:46.860,1.39328,1.39359,1.12,1.00
2016.03.17 12:05:46.962,1.39328,1.39359,1.87,1.00
2016.03.17 12:05:47.064,1.39329,1.39364,2.62,1.84
2016.03.17 12:05:47.116,1.39333,1.39364,1.12,1.09
2016.03.17 12:05:47.371,1.39333,1.39362,1.12,1.00
2016.03.17 12:05:47.524,1.39329,1.39362,1.50,1.50
2016.03.17 12:05:47.627,1.39328,1.39359,1.12,1.00
2016.03.17 12:05:47.950,1.39328,1.3936,1.12,1.00
2016.03.17 12:05:48.103,1.39333,1.39364,1.12,1.00
2016.03.17 12:05:48.622,1.39333,1.39367,1.12,2.25
2016.03.17 12:05:50.130,1.39333,1.39362,1.12,1.00
2016.03.17 12:05:50.456,1.39336,1.39364,1.12,1.00
2016.03.17 12:05:50.660,1.39336,1.39367,1.12,1.50
2016.03.17 12:05:51.358,1.39335,1.39367,1.12,1.50
2016.03.17 12:05:51.714,1.39336,1.39367,1.12,1.00
2016.03.17 12:05:52.223,1.39336,1.39368,1.87,1.12
2016.03.17 12:05:52.882,1.39336,1.39368,1.87,1.12
2016.03.17 12:05:53.393,1.39336,1.39367,1.12,1.50
2016.03.17 12:05:54.012,1.39336,1.39368,1.12,1.87
2016.03.17 12:05:54.523,1.39336,1.39367,1.12,1.00
2016.03.17 12:05:54.696,1.39335,1.39367,2.62,1.00
2016.03.17 12:05:56.162,1.39336,1.39365,1.37,1.00
2016.03.17 12:05:56.646,1.39336,1.39362,1.37,1.00
2016.03.17 12:05:57.162,1.39336,1.39363,1.37,1.00
2016.03.17 12:05:57.605,1.39336,1.39366,1.37,1.00
2016.03.17 12:05:57.830,1.39336,1.39366,1.12,1.00
2016.03.17 12:05:57.932,1.39334,1.39367,1.37,2.25
2016.03.17 12:05:59.336,1.39333,1.39365,1.12,1.50
2016.03.17 12:05:59.851,1.3933,1.39362,1.87,1.00
2016.03.17 12:06:00.147,1.3933,1.3936,1.12,1.00
2016.03.17 12:06:00.452,1.3933,1.39358,1.12,1.00
2016.03.17 12:06:00.554,1.39329,1.39358,1.37,1.00
2016.03.17 12:06:00.707,1.39328,1.39355,1.87,1.00
2016.03.17 12:06:00.810,1.39328,1.39355,1.00,1.00
2016.03.17 12:06:00.935,1.39322,1.39357,2.62,1.75
2016.03.17 12:06:01.240,1.39331,1.3936,1.37,1.50
2016.03.17 12:06:01.751,1.39331,1.39359,1.37,1.00
2016.03.17 12:06:02.544,1.3933,1.3936,1.12,1.00
2016.03.17 12:06:03.003,1.39334,1.39364,1.00,1.87
2016.03.17 12:06:03.156,1.39334,1.39364,1.87,1.00
2016.03.17 12:06:03.259,1.39335,1.39367,1.00,3.37
2016.03.17 12:06:03.310,1.39334,1.39366,1.50,1.50
2016.03.17 12:06:03.618,1.39321,1.3935,1.16,1.50
2016.03.17 12:06:04.330,1.39321,1.39348,1.16,1.00
2016.03.17 12:06:04.637,1.39315,1.39346,1.53,1.50
2016.03.17 12:06:04.981,1.39314,1.39343,1.16,1.75
2016.03.17 12:06:05.287,1.39312,1.39337,2.03,1.00
2016.03.17 12:06:05.864,1.39307,1.39334,1.16,1.12
2016.03.17 12:06:05.966,1.39306,1.39334,1.66,1.87
2016.03.17 12:06:06.323,1.39304,1.3933,2.03,1.00
2016.03.17 12:06:07.088,1.39301,1.3933,1.66,1.00
2016.03.17 12:06:08.168,1.39301,1.39332,1.53,1.00
2016.03.17 12:06:08.527,1.39301,1.39329,1.66,1.00
2016.03.17 12:06:08.629,1.39299,1.39333,1.91,1.00
2016.03.17 12:06:09.600,1.39299,1.39333,2.41,1.00
2016.03.17 12:06:10.057,1.393,1.39331,1.91,1.00
2016.03.17 12:06:10.291,1.39302,1.39337,2.03,1.37
2016.03.17 12:06:10.806,1.39302,1.39334,1.28,1.00
2016.03.17 12:06:11.146,1.39303,1.39337,1.91,1.00
2016.03.17 12:06:11.248,1.39309,1.39343,1.16,1.50
2016.03.17 12:06:11.380,1.39309,1.39343,1.16,1.00
2016.03.17 12:06:11.588,1.39311,1.39343,1.28,1.12
2016.03.17 12:06:12.297,1.39317,1.39348,1.16,1.50
2016.03.17 12:06:12.605,1.39317,1.39341,1.16,1.00
2016.03.17 12:06:12.912,1.39315,1.39339,1.16,1.46
2016.03.17 12:06:13.242,1.39315,1.39334,1.16,1.00
2016.03.17 12:06:13.700,1.39307,1.39335,1.80,1.46
2016.03.17 12:06:13.904,1.39307,1.39333,1.80,1.00
2016.03.17 12:06:14.435,1.39307,1.39331,1.80,1.00
2016.03.17 12:06:14.486,1.39304,1.39331,1.75,1.00
2016.03.17 12:06:14.749,1.39304,1.39329,1.75,1.00
2016.03.17 12:06:15.003,1.39304,1.39331,1.75,1.00
2016.03.17 12:06:15.506,1.39304,1.39332,1.75,1.00
2016.03.17 12:06:15.558,1.39303,1.39336,1.75,1.46
2016.03.17 12:06:16.543,1.39306,1.39333,1.00,1.00
2016.03.17 12:06:16.849,1.39306,1.39338,1.00,1.75
2016.03.17 12:06:16.901,1.39311,1.39338,1.37,1.00
2016.03.17 12:06:17.208,1.39312,1.39343,2.25,1.00
2016.03.17 12:06:18.098,1.39311,1.39342,1.75,1.37
2016.03.17 12:06:18.201,1.39312,1.39342,1.00,1.50
2016.03.17 12:06:18.303,1.39307,1.3934,1.05,1.37
2016.03.17 12:06:18.580,1.39307,1.3934,1.00,1.37
2016.03.17 12:06:18.632,1.39303,1.39338,1.00,1.37
2016.03.17 12:06:19.141,1.39302,1.39335,1.00,1.00
2016.03.17 12:06:19.296,1.39302,1.39337,1.37,1.00
2016.03.17 12:06:19.734,1.39305,1.39337,1.12,1.00
2016.03.17 12:06:20.073,1.39306,1.39336,1.00,1.37
2016.03.17 12:06:20.402,1.39303,1.39336,1.00,1.37
2016.03.17 12:06:20.714,1.39301,1.39334,2.25,1.12
2016.03.17 12:06:20.765,1.39301,1.39328,1.50,1.00
2016.03.17 12:06:20.921,1.39294,1.39325,1.00,1.37
2016.03.17 12:06:21.175,1.39293,1.39317,1.00,1.00
2016.03.17 12:06:21.228,1.39288,1.39317,1.50,1.00
2016.03.17 12:06:21.496,1.39288,1.39317,1.00,1.00
2016.03.17 12:06:21.806,1.39287,1.39315,1.50,1.00
2016.03.17 12:06:22.319,1.39288,1.39315,1.00,1.00
2016.03.17 12:06:22.944,1.39287,1.39315,1.50,1.12
2016.03.17 12:06:23.454,1.39284,1.39315,1.00,1.12
2016.03.17 12:06:23.556,1.39283,1.39313,1.00,1.00
2016.03.17 12:06:23.861,1.39285,1.39315,1.00,1.37
2016.03.17 12:06:24.087,1.39283,1.39315,1.50,1.12
2016.03.17 12:06:24.625,1.39282,1.39314,1.87,1.50
2016.03.17 12:06:25.135,1.39283,1.39316,1.87,1.37
2016.03.17 12:06:25.354,1.39283,1.39316,1.00,1.87
2016.03.17 12:06:25.880,1.39283,1.39314,1.37,1.00
2016.03.17 12:06:26.185,1.39281,1.3931,1.50,1.00
2016.03.17 12:06:27.024,1.3928,1.39312,1.50,1.37
2016.03.17 12:06:27.126,1.3928,1.39309,1.50,1.00
2016.03.17 12:06:27.622,1.3928,1.39306,2.25,1.00
2016.03.17 12:06:28.029,1.3928,1.39306,1.50,1.37
2016.03.17 12:06:28.338,1.39279,1.3931,1.50,1.87
2016.03.17 12:06:28.849,1.3928,1.39313,1.87,1.50
2016.03.17 12:06:28.901,1.3928,1.39313,2.25,1.00
2016.03.17 12:06:29.218,1.39285,1.39316,1.00,1.37
2016.03.17 12:06:29.423,1.39281,1.39314,1.87,1.00
2016.03.17 12:06:30.921,1.39281,1.39314,1.50,1.00
2016.03.17 12:06:30.973,1.39281,1.39314,1.50,1.37
2016.03.17 12:06:31.127,1.3928,1.39311,1.37,1.00
2016.03.17 12:06:31.230,1.39278,1.39311,1.00,1.37
2016.03.17 12:06:31.484,1.3928,1.39314,1.00,1.37
2016.03.17 12:06:32.009,1.39279,1.39312,1.37,1.37
2016.03.17 12:06:32.060,1.39279,1.39312,1.37,1.00
2016.03.17 12:06:32.166,1.3928,1.39312,1.00,1.37
2016.03.17 12:06:32.543,1.39281,1.39312,1.12,1.50
2016.03.17 12:06:32.594,1.39278,1.3931,1.37,1.00
2016.03.17 12:06:32.798,1.39282,1.39314,1.00,1.02
2016.03.17 12:06:33.342,1.39285,1.39314,1.00,1.02
2016.03.17 12:06:33.648,1.39293,1.39326,1.37,1.64
2016.03.17 12:06:33.954,1.39298,1.39327,1.00,2.14
2016.03.17 12:06:34.284,1.39295,1.39327,1.37,2.14
2016.03.17 12:06:34.539,1.39292,1.39327,1.12,2.89
2016.03.17 12:06:34.591,1.39291,1.39324,3.37,1.27
2016.03.17 12:06:34.948,1.39292,1.39327,1.50,1.27
2016.03.17 12:06:35.833,1.39295,1.39328,1.37,1.27
2016.03.17 12:06:36.141,1.39297,1.39329,1.37,1.27
2016.03.17 12:06:36.408,1.39299,1.39331,1.00,2.14
2016.03.17 12:06:37.340,1.39299,1.39328,1.00,1.27
2016.03.17 12:06:37.638,1.39299,1.39326,1.37,1.27
2016.03.17 12:06:38.284,1.39299,1.3933,1.00,2.14
2016.03.17 12:06:38.488,1.39299,1.39323,1.00,1.00
2016.03.17 12:06:38.582,1.39297,1.39323,1.00,1.00
2016.03.17 12:06:38.634,1.39297,1.39325,1.00,1.39
2016.03.17 12:06:38.931,1.39297,1.39323,1.00,1.00
2016.03.17 12:06:39.247,1.39295,1.39321,1.00,1.37
2016.03.17 12:06:39.298,1.39291,1.3932,1.00,1.37
2016.03.17 12:06:39.350,1.39287,1.3932,1.50,1.46
2016.03.17 12:06:39.401,1.39287,1.39314,1.50,1.00
2016.03.17 12:06:39.831,1.39285,1.39317,1.12,1.37
2016.03.17 12:06:40.761,1.39283,1.39314,1.37,1.37
2016.03.17 12:06:40.813,1.39283,1.39312,1.00,1.37
2016.03.17 12:06:41.332,1.39283,1.39312,1.00,1.87
2016.03.17 12:06:41.833,1.39282,1.39312,1.00,1.37
2016.03.17 12:06:42.190,1.39282,1.39314,1.50,1.75
2016.03.17 12:06:42.394,1.39283,1.39313,1.00,1.12
2016.03.17 12:06:42.909,1.39282,1.39313,1.50,1.12
2016.03.17 12:06:43.179,1.39282,1.39314,1.50,1.12
2016.03.17 12:06:43.281,1.39282,1.39315,1.87,1.75
2016.03.17 12:06:43.688,1.39283,1.39312,1.50,1.12
2016.03.17 12:06:43.841,1.39285,1.39315,1.00,2.25
2016.03.17 12:06:44.024,1.39285,1.39315,1.50,1.12
2016.03.17 12:06:44.127,1.39289,1.39316,1.00,1.37
2016.03.17 12:06:44.281,1.39287,1.39316,1.00,1.87
2016.03.17 12:06:44.791,1.3929,1.39316,1.00,1.37
2016.03.17 12:06:45.316,1.39291,1.39317,1.00,1.50
2016.03.17 12:06:45.820,1.3929,1.39317,1.00,2.25
2016.03.17 12:06:46.075,1.39286,1.39316,1.87,1.37
2016.03.17 12:06:46.177,1.39291,1.39316,1.00,1.37
2016.03.17 12:06:46.416,1.39286,1.39316,1.87,1.37
2016.03.17 12:06:48.134,1.39286,1.39314,1.00,1.00
2016.03.17 12:06:48.340,1.39285,1.39312,1.12,1.00
2016.03.17 12:06:48.493,1.39283,1.39312,1.00,1.98
2016.03.17 12:06:48.705,1.39288,1.39313,1.75,1.11
2016.03.17 12:06:48.807,1.39289,1.39313,1.50,1.11
2016.03.17 12:06:48.961,1.39292,1.39316,1.00,1.48
2016.03.17 12:06:49.012,1.39292,1.39319,2.25,1.00
2016.03.17 12:06:49.064,1.39295,1.39322,1.00,1.00
2016.03.17 12:06:49.115,1.393,1.39322,1.00,1.00
2016.03.17 12:06:49.319,1.39298,1.39323,1.00,1.14
2016.03.17 12:06:49.523,1.39295,1.39323,1.00,1.14
2016.03.17 12:06:50.303,1.39292,1.39323,1.75,1.61
2016.03.17 12:06:50.355,1.39292,1.39323,1.75,1.61
2016.03.17 12:06:50.916,1.3929,1.39321,2.62,1.14
2016.03.17 12:06:52.712,1.39291,1.39323,1.75,1.11
2016.03.17 12:06:53.157,1.39295,1.39325,1.00,1.11
2016.03.17 12:06:53.385,1.39292,1.39325,1.50,1.61
2016.03.17 12:06:54.012,1.39292,1.39323,1.50,1.00
2016.03.17 12:06:54.399,1.39292,1.39324,1.87,1.14
2016.03.17 12:06:54.653,1.39292,1.39324,1.50,1.00
2016.03.17 12:06:55.503,1.39292,1.39327,2.62,1.89
2016.03.17 12:06:56.629,1.39296,1.39329,1.37,1.98
2016.03.17 12:06:56.858,1.39296,1.39326,1.00,1.61
2016.03.17 12:06:57.376,1.39296,1.39324,1.12,1.00
2016.03.17 12:06:58.005,1.39295,1.39324,1.00,1.00
2016.03.17 12:06:58.531,1.39295,1.39324,1.87,1.00
2016.03.17 12:06:59.895,1.39296,1.39325,1.00,1.12
2016.03.17 12:07:00.048,1.393,1.39325,1.00,1.12
2016.03.17 12:07:00.602,1.39296,1.39328,1.00,2.36
2016.03.17 12:07:01.122,1.39295,1.39328,1.12,1.87
2016.03.17 12:07:02.257,1.39295,1.39329,1.50,1.75
2016.03.17 12:07:02.359,1.39295,1.39329,1.50,1.87
2016.03.17 12:07:02.973,1.39293,1.39323,1.12,1.00
2016.03.17 12:07:03.282,1.39291,1.39323,2.62,1.75
2016.03.17 12:07:04.569,1.39291,1.39319,1.12,1.12
2016.03.17 12:07:05.882,1.39291,1.39321,1.87,1.75
2016.03.17 12:07:05.984,1.39294,1.39325,1.50,1.75
2016.03.17 12:07:06.036,1.39294,1.39321,1.50,1.00
2016.03.17 12:07:06.359,1.39296,1.39326,1.00,1.37
2016.03.17 12:07:06.670,1.39298,1.39329,1.87,1.87
2016.03.17 12:07:06.830,1.39298,1.39329,1.87,1.12
2016.03.17 12:07:06.881,1.39298,1.39329,1.50,1.12
2016.03.17 12:07:06.932,1.39296,1.39324,3.37,1.12
2016.03.17 12:07:06.984,1.39296,1.39324,1.87,1.50
2016.03.17 12:07:07.137,1.39295,1.3932,1.37,1.00
2016.03.17 12:07:07.352,1.39296,1.39327,1.87,2.25
2016.03.17 12:07:07.404,1.39297,1.39327,1.00,1.50
2016.03.17 12:07:07.988,1.39297,1.39324,1.00,1.00
2016.03.17 12:07:08.909,1.39297,1.39323,1.00,1.37
2016.03.17 12:07:09.446,1.39291,1.3932,1.12,1.00
2016.03.17 12:07:09.992,1.39296,1.39321,1.12,1.12
2016.03.17 12:07:10.298,1.39298,1.39324,1.00,1.37
2016.03.17 12:07:10.624,1.393,1.39327,1.50,1.37
2016.03.17 12:07:11.187,1.39306,1.39327,1.00,1.37
2016.03.17 12:07:11.394,1.39301,1.39327,1.50,1.37
2016.03.17 12:07:11.581,1.39301,1.39333,1.87,3.37
2016.03.17 12:07:11.887,1.393,1.39333,3.75,3.37
2016.03.17 12:07:12.091,1.39304,1.39333,1.37,3.37
2016.03.17 12:07:12.549,1.39306,1.39333,1.00,1.12
2016.03.17 12:07:12.652,1.39306,1.39335,1.00,1.12
2016.03.17 12:07:12.745,1.39306,1.39335,1.37,1.12
2016.03.17 12:07:13.632,1.39309,1.39335,1.37,1.00
2016.03.17 12:07:13.683,1.39309,1.39341,1.37,3.00
2016.03.17 12:07:14.231,1.3931,1.39341,1.37,3.37
2016.03.17 12:07:14.486,1.3931,1.39341,2.25,1.12
2016.03.17 12:07:14.792,1.39313,1.39339,1.12,1.00
2016.03.17 12:07:14.945,1.39315,1.39341,1.37,1.00
2016.03.17 12:07:15.060,1.39315,1.39341,1.75,1.00
2016.03.17 12:07:15.164,1.39316,1.39346,1.12,1.50
2016.03.17 12:07:15.926,1.39316,1.39345,1.87,1.00
2016.03.17 12:07:16.903,1.39316,1.39345,1.75,1.37
2016.03.17 12:07:17.412,1.39316,1.39345,1.12,1.00
2016.03.17 12:07:17.464,1.39314,1.39342,1.75,1.00
2016.03.17 12:07:17.719,1.39314,1.39342,1.37,1.00
2016.03.17 12:07:18.229,1.39314,1.39345,1.00,1.87
2016.03.17 12:07:18.433,1.39314,1.39345,1.37,1.75
2016.03.17 12:07:19.522,1.39315,1.39346,1.12,1.75
2016.03.17 12:07:19.625,1.39315,1.39347,3.37,1.50
2016.03.17 12:07:19.727,1.39316,1.39346,1.12,1.00
2016.03.17 12:07:20.057,1.3932,1.39349,1.87,1.00
2016.03.17 12:07:22.173,1.39323,1.39349,1.50,1.00
2016.03.17 12:07:22.297,1.39327,1.39356,1.00,1.00
2016.03.17 12:07:22.349,1.39331,1.39356,1.00,1.00
2016.03.17 12:07:22.400,1.39331,1.39358,1.00,1.00
2016.03.17 12:07:23.438,1.3933,1.39358,1.12,1.50
2016.03.17 12:07:23.490,1.3933,1.39358,1.50,1.12
2016.03.17 12:07:23.592,1.39331,1.39362,1.37,1.87
2016.03.17 12:07:23.644,1.39331,1.3936,1.87,1.00
2016.03.17 12:07:23.951,1.39329,1.39357,1.12,1.00
2016.03.17 12:07:24.243,1.39329,1.3936,1.12,1.87
2016.03.17 12:07:24.576,1.39329,1.39359,1.12,1.37
2016.03.17 12:07:24.729,1.39327,1.39357,2.62,1.37
2016.03.17 12:07:25.253,1.39327,1.39359,1.50,2.62
2016.03.17 12:07:25.304,1.39327,1.39357,1.50,1.37
2016.03.17 12:07:25.609,1.39321,1.39349,1.75,1.87
2016.03.17 12:07:26.517,1.39322,1.39349,1.12,1.00
2016.03.17 12:07:26.873,1.3932,1.39351,1.50,1.37
2016.03.17 12:07:27.945,1.3932,1.39352,1.50,1.87
2016.03.17 12:07:28.454,1.3932,1.39352,1.50,2.25
2016.03.17 12:07:28.658,1.3932,1.39352,2.25,1.87
2016.03.17 12:07:29.439,1.3932,1.39351,1.87,1.00
2016.03.17 12:07:29.541,1.3932,1.39351,3.37,1.00
2016.03.17 12:07:30.100,1.39326,1.39354,1.00,1.50
2016.03.17 12:07:30.151,1.39328,1.39354,1.00,1.00
2016.03.17 12:07:30.253,1.39331,1.39359,1.00,1.87
2016.03.17 12:07:30.559,1.39328,1.39355,1.75,1.37
2016.03.17 12:07:30.763,1.39326,1.39355,1.00,1.37
2016.03.17 12:07:31.313,1.39326,1.39353,1.00,1.00
2016.03.17 12:07:31.769,1.39326,1.39357,1.00,1.00
2016.03.17 12:07:32.653,1.39326,1.39357,1.87,1.00
2016.03.17 12:07:32.806,1.39331,1.39364,4.50,1.87
2016.03.17 12:07:32.959,1.39331,1.39362,3.75,1.00
2016.03.17 12:07:33.084,1.39331,1.3936,3.37,1.50
2016.03.17 12:07:33.594,1.39331,1.39362,3.37,1.37
2016.03.17 12:07:33.747,1.39331,1.39359,1.50,1.37
2016.03.17 12:07:34.080,1.39327,1.39356,1.50,1.00
2016.03.17 12:07:34.284,1.39327,1.39357,1.37,1.50
2016.03.17 12:07:34.796,1.39328,1.39358,1.00,1.00
2016.03.17 12:07:35.017,1.39327,1.39357,1.50,1.37
2016.03.17 12:07:35.324,1.39333,1.39364,1.12,1.12
2016.03.17 12:07:35.630,1.39333,1.3936,1.12,1.00
2016.03.17 12:07:35.860,1.39335,1.39362,1.37,1.00
2016.03.17 12:07:35.965,1.39336,1.39365,1.00,1.37
2016.03.17 12:07:36.474,1.39333,1.39363,1.87,1.00
2016.03.17 12:07:36.526,1.39333,1.39361,1.87,1.00
2016.03.17 12:07:37.048,1.39333,1.39361,1.50,1.00
2016.03.17 12:07:37.354,1.3933,1.39355,1.87,1.00
2016.03.17 12:07:37.405,1.3933,1.39358,1.87,1.00
2016.03.17 12:07:38.689,1.39331,1.39355,1.00,1.00
2016.03.17 12:07:38.992,1.39326,1.39353,1.12,1.00
2016.03.17 12:07:39.043,1.39325,1.39355,1.87,1.00
2016.03.17 12:07:39.569,1.39325,1.39355,1.87,1.37
2016.03.17 12:07:40.085,1.39325,1.39352,1.37,1.00
2016.03.17 12:07:40.139,1.39323,1.39356,1.50,1.75
2016.03.17 12:07:41.021,1.39324,1.39352,1.75,1.00
2016.03.17 12:07:41.137,1.39326,1.39358,1.75,1.50
2016.03.17 12:07:41.239,1.3933,1.39361,1.37,1.75
2016.03.17 12:07:41.341,1.3933,1.39361,1.75,1.50
2016.03.17 12:07:42.323,1.39331,1.39357,1.37,1.00
2016.03.17 12:07:42.579,1.3933,1.39359,1.12,1.00
2016.03.17 12:07:42.682,1.39331,1.39361,1.50,1.37
2016.03.17 12:07:42.836,1.39337,1.39363,1.00,1.00
2016.03.17 12:07:42.888,1.39337,1.39368,1.50,1.50
2016.03.17 12:07:43.263,1.39337,1.39368,1.00,1.87
2016.03.17 12:07:43.416,1.39337,1.39368,1.00,1.50
2016.03.17 12:07:44.560,1.39337,1.39368,1.37,1.50
2016.03.17 12:07:44.764,1.39337,1.39368,1.00,1.50
2016.03.17 12:07:45.138,1.39337,1.39367,1.00,1.37
2016.03.17 12:07:45.854,1.39332,1.39364,1.37,1.12
2016.03.17 12:07:45.957,1.39332,1.39362,1.00,1.00
2016.03.17 12:07:46.079,1.39331,1.39363,1.50,1.37
2016.03.17 12:07:46.283,1.39329,1.39359,1.00,1.00
2016.03.17 12:07:46.385,1.39331,1.39362,1.00,1.75
2016.03.17 12:07:46.488,1.39331,1.39365,1.75,2.62
2016.03.17 12:07:46.743,1.39331,1.39361,1.87,1.37
2016.03.17 12:07:46.910,1.39332,1.39364,1.12,1.37
2016.03.17 12:07:46.962,1.39332,1.39363,1.12,1.50
2016.03.17 12:07:47.063,1.39332,1.39364,2.62,1.37
2016.03.17 12:07:47.472,1.39336,1.39367,1.75,1.37
2016.03.17 12:07:47.676,1.39338,1.39369,1.50,2.25
2016.03.17 12:07:48.020,1.39341,1.39369,1.00,2.96
2016.03.17 12:07:48.071,1.39339,1.39364,1.00,1.09
2016.03.17 12:07:48.174,1.39335,1.3936,1.00,1.12
2016.03.17 12:07:48.276,1.39331,1.3936,1.00,1.00
2016.03.17 12:07:48.607,1.39329,1.3936,1.00,1.87
2016.03.17 12:07:48.760,1.39326,1.39357,1.00,1.00
2016.03.17 12:07:49.631,1.39325,1.39357,1.12,1.50
2016.03.17 12:07:51.177,1.39325,1.39357,1.37,1.87
2016.03.17 12:07:51.482,1.39325,1.39356,1.12,1.00
2016.03.17 12:07:51.534,1.39325,1.39358,1.87,1.12
2016.03.17 12:07:51.585,1.39326,1.39358,1.12,1.50
2016.03.17 12:07:52.010,1.39325,1.39356,1.37,1.37
2016.03.17 12:07:55.378,1.39324,1.39356,1.87,1.50
2016.03.17 12:07:55.430,1.39324,1.39354,1.87,1.00
2016.03.17 12:07:55.736,1.39321,1.39351,1.37,1.12
2016.03.17 12:07:56.043,1.39321,1.39351,1.50,1.50
2016.03.17 12:07:56.350,1.39327,1.39356,1.37,1.00
2016.03.17 12:07:56.503,1.39328,1.39361,1.87,1.87
2016.03.17 12:07:56.708,1.3933,1.39362,1.12,1.37
2016.03.17 12:07:57.421,1.39329,1.39362,2.25,1.75
2016.03.17 12:07:57.982,1.39329,1.39361,1.75,1.50
2016.03.17 12:07:58.084,1.39327,1.39361,1.75,2.25
2016.03.17 12:07:58.492,1.39327,1.39359,2.25,1.50
2016.03.17 12:07:58.632,1.39327,1.39359,1.87,1.87
2016.03.17 12:07:59.785,1.39322,1.39354,1.75,1.37
2016.03.17 12:08:00.296,1.39321,1.39354,2.62,1.12
2016.03.17 12:08:00.601,1.39323,1.39354,1.50,1.87
2016.03.17 12:08:00.702,1.39323,1.39354,1.50,1.87
2016.03.17 12:08:01.099,1.39321,1.39351,1.50,1.12
2016.03.17 12:08:01.150,1.39323,1.39351,1.00,1.12
2016.03.17 12:08:01.455,1.39321,1.39351,1.00,1.12
2016.03.17 12:08:01.709,1.39323,1.39351,1.00,1.12
2016.03.17 12:08:02.096,1.39321,1.39354,2.25,2.62
2016.03.17 12:08:02.148,1.39323,1.39354,1.00,1.87
2016.03.17 12:08:02.668,1.39324,1.39354,1.00,1.87
2016.03.17 12:08:02.923,1.39322,1.39351,1.00,1.12
2016.03.17 12:08:03.227,1.39325,1.39354,1.00,2.25
2016.03.17 12:08:03.381,1.39328,1.39355,1.00,1.00
2016.03.17 12:08:03.789,1.39329,1.39357,1.12,1.00
2016.03.17 12:08:04.152,1.39328,1.3936,1.37,2.25
2016.03.17 12:08:04.908,1.39328,1.39361,1.75,1.50
2016.03.17 12:08:05.010,1.39331,1.39362,1.37,1.50
2016.03.17 12:08:05.315,1.39334,1.39366,1.75,1.50
2016.03.17 12:08:05.478,1.39337,1.39367,1.12,1.50
2016.03.17 12:08:05.529,1.39339,1.39367,1.00,1.50
2016.03.17 12:08:05.886,1.39337,1.39367,1.12,1.50
2016.03.17 12:08:06.091,1.39335,1.39364,1.87,1.00
2016.03.17 12:08:06.420,1.39331,1.39363,1.50,1.12
2016.03.17 12:08:06.624,1.3933,1.39362,1.00,3.75
2016.03.17 12:08:06.930,1.3933,1.39362,1.12,1.75
2016.03.17 12:08:06.981,1.39334,1.39362,1.00,1.75
2016.03.17 12:08:07.083,1.39334,1.39362,1.12,1.00
2016.03.17 12:08:07.358,1.39331,1.39362,1.37,1.37
2016.03.17 12:08:07.871,1.39331,1.39362,1.00,1.75
2016.03.17 12:08:08.177,1.39328,1.39361,1.37,1.87
2016.03.17 12:08:08.407,1.3933,1.39361,1.00,1.87
2016.03.17 12:08:10.161,1.39328,1.39359,1.50,1.84
2016.03.17 12:08:10.264,1.39325,1.39354,1.12,1.71
2016.03.17 12:08:10.367,1.39323,1.3935,1.00,1.37
2016.03.17 12:08:10.469,1.39321,1.3935,1.00,1.12
2016.03.17 12:08:10.696,1.39326,1.39352,1.00,1.37
2016.03.17 12:08:10.748,1.39326,1.39354,1.00,1.00
2016.03.17 12:08:10.851,1.39327,1.39354,1.37,1.00
2016.03.17 12:08:10.954,1.39332,1.39363,1.00,2.62
2016.03.17 12:08:11.108,1.39332,1.39363,1.37,1.87
2016.03.17 12:08:11.262,1.39333,1.39361,1.00,1.00
2016.03.17 12:08:11.365,1.39333,1.39361,1.00,1.37
2016.03.17 12:08:11.467,1.3933,1.39357,1.50,1.00
2016.03.17 12:08:11.576,1.39329,1.39355,1.00,1.12
2016.03.17 12:08:11.679,1.39325,1.39355,1.50,1.12
2016.03.17 12:08:12.039,1.39329,1.39355,1.00,1.12
2016.03.17 12:08:12.447,1.3933,1.39357,1.00,1.87
2016.03.17 12:08:12.674,1.39332,1.3936,1.00,1.12
2016.03.17 12:08:13.035,1.39328,1.3936,1.50,1.12
2016.03.17 12:08:13.755,1.39328,1.39362,1.87,1.75
2016.03.17 12:08:13.946,1.3933,1.39362,1.50,1.75
2016.03.17 12:08:14.149,1.39339,1.39368,1.00,2.25
2016.03.17 12:08:14.658,1.39339,1.39365,1.37,1.37
2016.03.17 12:08:16.036,1.39338,1.39364,1.00,1.00
2016.03.17 12:08:16.087,1.39335,1.39364,1.37,1.00
2016.03.17 12:08:16.291,1.39337,1.39365,1.37,1.50
2016.03.17 12:08:16.621,1.39354,1.39378,1.00,1.00
2016.03.17 12:08:16.774,1.39356,1.39384,1.00,1.50
2016.03.17 12:08:16.877,1.3936,1.39385,1.00,2.25
2016.03.17 12:08:17.184,1.39357,1.39385,1.37,1.00
2016.03.17 12:08:17.357,1.39361,1.3939,1.75,1.50
2016.03.17 12:08:17.467,1.39366,1.39395,1.12,1.50
2016.03.17 12:08:17.977,1.39365,1.39396,1.12,1.75
2016.03.17 12:08:18.333,1.39362,1.39394,1.12,1.50
2016.03.17 12:08:18.499,1.39361,1.39392,1.37,2.62
2016.03.17 12:08:18.753,1.39352,1.39383,1.00,1.12
2016.03.17 12:08:19.983,1.39352,1.39384,1.00,1.12
2016.03.17 12:08:20.688,1.39352,1.39384,1.00,1.37
2016.03.17 12:08:20.739,1.39354,1.39384,1.00,1.37
2016.03.17 12:08:21.079,1.39356,1.39386,1.37,1.12
2016.03.17 12:08:21.490,1.39352,1.39386,2.25,2.25
2016.03.17 12:08:21.696,1.39352,1.39384,1.50,1.37
2016.03.17 12:08:22.597,1.39355,1.39384,1.00,2.62
2016.03.17 12:08:22.902,1.39352,1.39384,1.00,2.62
2016.03.17 12:08:23.218,1.39356,1.39385,1.50,1.87
2016.03.17 12:08:23.269,1.39357,1.39386,1.75,1.00
2016.03.17 12:08:23.321,1.39357,1.3938,1.75,1.00
2016.03.17 12:08:23.423,1.39356,1.39383,1.50,1.00
2016.03.17 12:08:23.475,1.39356,1.39384,1.12,1.50
2016.03.17 12:08:24.148,1.39359,1.39384,1.00,1.50
2016.03.17 12:08:24.404,1.39362,1.39393,1.00,1.00
2016.03.17 12:08:24.456,1.39365,1.39395,1.37,2.62
2016.03.17 12:08:24.508,1.39366,1.39396,1.12,4.87
2016.03.17 12:08:24.560,1.39366,1.39396,1.00,5.25
2016.03.17 12:08:25.055,1.39366,1.39395,1.50,1.00
2016.03.17 12:08:25.107,1.3937,1.39397,1.00,1.12
2016.03.17 12:08:25.211,1.3937,1.39398,1.50,1.00
2016.03.17 12:08:25.724,1.39366,1.39398,1.87,1.37
2016.03.17 12:08:25.826,1.3937,1.39398,1.00,1.00
2016.03.17 12:08:26.299,1.39366,1.39397,1.87,1.87
2016.03.17 12:08:26.505,1.39365,1.39392,1.00,1.00
2016.03.17 12:08:27.017,1.39362,1.39393,1.75,1.00
2016.03.17 12:08:27.542,1.39362,1.39394,1.75,1.12
2016.03.17 12:08:29.076,1.39362,1.39393,1.75,1.00
2016.03.17 12:08:29.585,1.39363,1.39394,1.75,2.25
2016.03.17 12:08:30.134,1.3936,1.39394,1.87,2.62
2016.03.17 12:08:30.237,1.39361,1.39394,1.87,3.00
2016.03.17 12:08:30.828,1.39361,1.39394,1.75,3.00
2016.03.17 12:08:31.157,1.39366,1.39398,1.00,2.25
2016.03.17 12:08:31.210,1.39368,1.39397,1.00,1.75
2016.03.17 12:08:31.363,1.39368,1.39399,1.50,2.25
2016.03.17 12:08:31.465,1.39368,1.39395,1.00,1.00
2016.03.17 12:08:31.669,1.39361,1.39394,1.12,1.87
2016.03.17 12:08:31.721,1.39365,1.39394,1.50,1.12
2016.03.17 12:08:31.851,1.39361,1.39392,1.12,1.50
2016.03.17 12:08:32.055,1.39361,1.39391,1.00,2.25
2016.03.17 12:08:32.664,1.39361,1.39391,1.37,1.37
2016.03.17 12:08:32.856,1.39368,1.39394,1.00,1.12
2016.03.17 12:08:32.908,1.39365,1.39394,1.87,1.12
2016.03.17 12:08:33.368,1.39362,1.39394,1.75,2.25
2016.03.17 12:08:33.419,1.39361,1.39392,1.50,1.37
2016.03.17 12:08:33.470,1.39361,1.39391,1.12,1.12
2016.03.17 12:08:34.002,1.39359,1.39392,1.12,3.00
2016.03.17 12:08:35.030,1.39363,1.39393,1.37,1.75
2016.03.17 12:08:35.287,1.39363,1.39396,1.87,2.25
2016.03.17 12:08:35.442,1.39363,1.39392,1.12,1.00
2016.03.17 12:08:35.776,1.39367,1.39395,1.00,1.00
2016.03.17 12:08:35.878,1.39368,1.39398,1.00,1.00
2016.03.17 12:08:36.133,1.39368,1.39398,1.00,1.37
2016.03.17 12:08:36.287,1.39363,1.39396,1.37,1.12
2016.03.17 12:08:37.172,1.39362,1.39394,1.12,1.00
2016.03.17 12:08:37.551,1.39366,1.39398,1.87,2.25
2016.03.17 12:08:37.672,1.39366,1.39398,1.87,1.87
2016.03.17 12:08:37.774,1.39366,1.39398,1.75,3.00
2016.03.17 12:08:38.004,1.39362,1.39392,1.00,1.50
2016.03.17 12:08:38.528,1.39359,1.3939,1.87,1.87
2016.03.17 12:08:39.175,1.39358,1.3939,1.75,1.50
2016.03.17 12:08:39.582,1.39358,1.3939,1.00,1.87
2016.03.17 12:08:39.861,1.39358,1.39389,1.37,1.37
2016.03.17 12:08:40.279,1.39359,1.39389,1.00,1.37
2016.03.17 12:08:40.534,1.3936,1.3939,1.50,1.87
2016.03.17 12:08:40.738,1.3937,1.39399,1.12,1.00
2016.03.17 12:08:40.840,1.39368,1.394,1.12,1.87
2016.03.17 12:08:40.967,1.3937,1.39401,1.87,1.00
2016.03.17 12:08:41.171,1.3937,1.394,1.75,1.37
2016.03.17 12:08:41.273,1.39367,1.394,1.12,1.37
2016.03.17 12:08:41.783,1.39366,1.39398,1.87,1.00
2016.03.17 12:08:42.304,1.39366,1.39399,1.87,1.00
2016.03.17 12:08:42.355,1.39366,1.39397,2.62,1.00
2016.03.17 12:08:42.508,1.39367,1.39399,1.50,1.00
2016.03.17 12:08:42.610,1.3937,1.394,1.37,1.37
2016.03.17 12:08:42.947,1.39372,1.39403,1.75,1.00
2016.03.17 12:08:42.998,1.39373,1.39405,1.75,1.50
2016.03.17 12:08:43.181,1.39378,1.39405,1.00,1.50
2016.03.17 12:08:43.387,1.3938,1.3941,1.12,1.50
2016.03.17 12:08:43.491,1.39383,1.3941,1.00,1.00
2016.03.17 12:08:43.797,1.39376,1.39405,1.87,1.00
2016.03.17 12:08:44.024,1.39376,1.39409,1.75,1.50
2016.03.17 12:08:44.179,1.39381,1.39409,1.00,1.87
2016.03.17 12:08:44.539,1.39376,1.39409,2.62,1.87
2016.03.17 12:08:44.795,1.39375,1.39404,2.62,1.00
2016.03.17 12:08:45.125,1.39375,1.39402,1.12,1.00
2016.03.17 12:08:45.228,1.39374,1.39404,1.75,1.12
2016.03.17 12:08:45.584,1.39375,1.39401,1.00,1.00
2016.03.17 12:08:45.687,1.39371,1.39404,1.37,2.25
2016.03.17 12:08:45.853,1.39386,1.39404,1.00,1.00
2016.03.17 12:08:45.905,1.39386,1.39408,1.00,1.00
2016.03.17 12:08:46.009,1.39381,1.39413,1.87,1.50
2016.03.17 12:08:46.526,1.39386,1.39415,1.00,1.87
2016.03.17 12:08:46.680,1.39386,1.39412,1.00,1.50
2016.03.17 12:08:46.808,1.3938,1.39412,1.37,1.50
2016.03.17 12:08:46.910,1.3938,1.39409,1.37,1.00
2016.03.17 12:08:47.012,1.3938,1.39412,1.37,1.50
2016.03.17 12:08:47.318,1.3938,1.39409,1.12,1.00
2016.03.17 12:08:47.631,1.39384,1.39415,1.00,2.62
2016.03.17 12:08:47.792,1.39379,1.39413,1.12,1.75
2016.03.17 12:08:47.894,1.39377,1.39409,1.75,1.00
2016.03.17 12:08:48.437,1.39377,1.39408,1.75,1.00
2016.03.17 12:08:48.859,1.39377,1.3941,2.25,1.00
2016.03.17 12:08:48.910,1.3938,1.3941,1.37,1.00
2016.03.17 12:08:49.217,1.39388,1.39418,1.75,1.00
2016.03.17 12:08:49.752,1.39389,1.39421,1.75,1.37
2016.03.17 12:08:50.903,1.3939,1.39422,1.87,1.12
2016.03.17 12:08:51.006,1.3939,1.39422,1.87,1.12
2016.03.17 12:08:51.108,1.3939,1.39421,1.87,1.00
2016.03.17 12:08:51.683,1.3939,1.39422,1.87,1.12
2016.03.17 12:08:51.736,1.39391,1.39422,1.00,1.50
2016.03.17 12:08:52.744,1.39396,1.39423,1.00,1.12
2016.03.17 12:08:52.846,1.39396,1.39424,1.00,4.87
2016.03.17 12:08:53.209,1.39391,1.39423,2.25,2.25
2016.03.17 12:08:53.311,1.39391,1.39423,1.50,3.37
2016.03.17 12:08:53.518,1.39391,1.39423,1.00,2.25
2016.03.17 12:08:53.950,1.39393,1.39424,1.00,2.62
2016.03.17 12:08:54.053,1.39391,1.39421,1.12,1.00
2016.03.17 12:08:54.155,1.39391,1.3942,1.12,1.37
2016.03.17 12:08:54.313,1.39387,1.39418,1.00,1.00
2016.03.17 12:08:54.416,1.39386,1.39416,1.12,1.00
2016.03.17 12:08:54.722,1.39385,1.39414,1.37,1.75
2016.03.17 12:08:55.028,1.39391,1.39419,1.00,7.50
2016.03.17 12:08:55.487,1.3939,1.39419,1.00,5.25
2016.03.17 12:08:55.539,1.3939,1.39419,1.00,4.87
2016.03.17 12:08:55.827,1.39392,1.39418,1.00,1.00
2016.03.17 12:08:56.377,1.39391,1.39419,1.00,1.00
2016.03.17 12:08:57.736,1.39387,1.39419,1.87,1.12
2016.03.17 12:08:58.139,1.39387,1.39417,1.12,1.00
2016.03.17 12:08:58.445,1.39387,1.3942,1.12,1.50
2016.03.17 12:08:58.947,1.39386,1.3942,1.12,1.50
2016.03.17 12:08:58.998,1.39386,1.39416,1.12,1.00
2016.03.17 12:08:59.304,1.39383,1.3941,1.00,1.00
2016.03.17 12:08:59.870,1.39383,1.3941,1.00,1.87
2016.03.17 12:09:00.125,1.39379,1.39407,2.25,1.00
2016.03.17 12:09:00.302,1.39379,1.39409,2.25,1.00
2016.03.17 12:09:00.710,1.39381,1.39414,1.87,1.50
2016.03.17 12:09:00.923,1.39381,1.39409,1.00,1.12
2016.03.17 12:09:00.974,1.39376,1.39409,1.75,1.12
2016.03.17 12:09:01.330,1.39375,1.39407,1.12,1.00
2016.03.17 12:09:01.584,1.39376,1.39409,1.12,1.00
2016.03.17 12:09:02.614,1.39376,1.39408,1.12,1.00
2016.03.17 12:09:03.221,1.39376,1.39408,1.50,1.37
2016.03.17 12:09:03.529,1.39372,1.39401,1.00,2.25
2016.03.17 12:09:03.734,1.39373,1.39402,1.00,1.00
2016.03.17 12:09:03.836,1.39373,1.394,1.00,1.00
2016.03.17 12:09:04.283,1.39372,1.39404,1.00,1.50
2016.03.17 12:09:04.438,1.39373,1.394,1.00,1.00
2016.03.17 12:09:04.745,1.39361,1.3939,1.87,1.37
2016.03.17 12:09:04.847,1.39361,1.39386,1.00,1.00
2016.03.17 12:09:04.949,1.39356,1.39385,1.50,1.37
2016.03.17 12:09:05.135,1.39356,1.39384,1.87,1.87
2016.03.17 12:09:05.288,1.39352,1.39382,1.00,1.37
2016.03.17 12:09:05.695,1.39347,1.39378,1.75,1.00
2016.03.17 12:09:07.121,1.3935,1.3938,1.12,1.37
2016.03.17 12:09:07.279,1.39351,1.39384,1.50,1.12
2016.03.17 12:09:07.331,1.39352,1.39384,1.37,1.50
2016.03.17 12:09:07.688,1.39352,1.39383,1.00,1.50
2016.03.17 12:09:07.790,1.39352,1.39379,1.50,1.00
2016.03.17 12:09:08.096,1.39355,1.39387,1.37,2.25
2016.03.17 12:09:08.274,1.39356,1.39384,1.12,1.12
2016.03.17 12:09:08.579,1.39356,1.39387,1.00,1.75
2016.03.17 12:09:08.631,1.39358,1.39387,1.37,1.75
2016.03.17 12:09:08.682,1.39361,1.39388,1.00,1.00
2016.03.17 12:09:08.989,1.39356,1.39389,2.62,2.62
