2011.06.01 10:00:00.603,1.39366,1.39404,2.25,2.59
2011.06.01 10:00:00.947,1.39366,1.39403,3.00,1.09
2011.06.01 10:00:04.936,1.39366,1.39404,4.09,3.00
2011.06.01 10:00:05.594,1.39366,1.39404,3.34,2.25
2011.06.01 10:00:06.015,1.39366,1.39404,3.34,2.25
2011.06.01 10:00:06.564,1.39366,1.39404,3.34,2.25
2011.06.01 10:00:08.674,1.39367,1.39404,1.50,1.50
2011.06.01 10:00:09.705,1.39367,1.39404,2.25,1.50
2011.06.01 10:00:12.364,1.39367,1.39404,1.50,1.50
2011.06.01 10:00:14.425,1.39371,1.39404,1.50,1.50
2011.06.01 10:00:14.755,1.39371,1.39404,1.50,1.50
2011.06.01 10:00:14.864,1.39371,1.39404,1.50,1.50
2011.06.01 10:00:15.734,1.39375,1.39404,1.50,1.50
2011.06.01 10:00:15.844,1.39377,1.39413,2.25,2.25
2011.06.01 10:00:16.453,1.39377,1.39413,3.00,2.25
2011.06.01 10:00:17.478,1.39377,1.39413,1.50,3.00
2011.06.01 10:00:18.135,1.39378,1.39413,2.25,3.00
2011.06.01 10:00:21.504,1.39381,1.39413,2.25,3.00
2011.06.01 10:00:21.724,1.39378,1.39413,3.00,3.00
2011.06.01 10:00:21.944,1.39378,1.39413,2.25,2.25
2011.06.01 10:00:22.765,1.39378,1.39413,2.25,2.25
2011.06.01 10:00:23.265,1.39378,1.39413,2.25,1.50
2011.06.01 10:00:23.794,1.39377,1.39413,2.25,1.50
2011.06.01 10:00:25.052,1.39378,1.39413,1.50,3.00
2011.06.01 10:00:25.384,1.39378,1.39413,1.09,1.50
2011.06.01 10:00:25.494,1.39376,1.39413,3.75,1.50
2011.06.01 10:00:25.603,1.39376,1.39414,3.75,2.25
2011.06.01 10:00:25.935,1.39376,1.3941,2.25,1.50
2011.06.01 10:00:26.485,1.39376,1.39409,1.50,1.88
2011.06.01 10:00:26.595,1.3937,1.39403,1.50,2.25
2011.06.01 10:00:26.815,1.39367,1.39403,2.25,2.25
2011.06.01 10:00:26.923,1.39367,1.39403,2.25,2.25
2011.06.01 10:00:27.037,1.39367,1.39399,2.25,1.50
2011.06.01 10:00:27.158,1.39364,1.39397,1.84,2.25
2011.06.01 10:00:27.276,1.39362,1.39396,1.09,2.25
2011.06.01 10:00:27.607,1.39355,1.39393,2.22,2.25
2011.06.01 10:00:28.473,1.39356,1.39392,2.25,1.50
2011.06.01 10:00:28.915,1.39356,1.39393,2.25,1.50
2011.06.01 10:00:29.354,1.39356,1.39394,3.00,2.25
2011.06.01 10:00:30.015,1.39356,1.39394,3.00,2.25
2011.06.01 10:00:30.235,1.39356,1.39394,3.00,2.25
2011.06.01 10:00:30.843,1.39356,1.39394,3.00,2.25
2011.06.01 10:00:31.393,1.39356,1.39394,3.75,1.50
2011.06.01 10:00:31.735,1.39356,1.39394,4.50,1.50
2011.06.01 10:00:32.066,1.39365,1.39402,1.09,1.50
2011.06.01 10:00:32.831,1.39366,1.39404,5.63,2.25
2011.06.01 10:00:34.143,1.3937,1.39404,1.50,2.25
2011.06.01 10:00:36.413,1.3937,1.39404,1.50,3.00
2011.06.01 10:00:36.964,1.3937,1.39404,1.50,2.25
2011.06.01 10:00:37.516,1.3937,1.39404,1.50,2.25
2011.06.01 10:00:38.773,1.39374,1.39404,1.09,1.50
2011.06.01 10:00:41.054,1.39371,1.39404,1.09,6.75
2011.06.01 10:00:41.604,1.3937,1.39404,1.84,2.25
2011.06.01 10:00:41.935,1.3937,1.39404,1.84,3.00
2011.06.01 10:00:42.154,1.3937,1.39404,1.84,3.00
2011.06.01 10:00:43.173,1.3937,1.39404,1.50,2.25
2011.06.01 10:00:44.055,1.3937,1.39404,2.25,2.25
2011.06.01 10:00:44.383,1.39377,1.39406,1.50,1.50
2011.06.01 10:00:44.603,1.3937,1.39403,1.50,1.50
2011.06.01 10:00:44.714,1.39373,1.39403,1.09,1.50
2011.06.01 10:00:45.155,1.39377,1.39409,2.25,1.50
2011.06.01 10:00:45.704,1.39377,1.39407,1.50,1.50
2011.06.01 10:00:45.815,1.39377,1.39407,1.50,3.00
2011.06.01 10:00:46.762,1.39377,1.39407,1.50,1.50
2011.06.01 10:00:47.316,1.39377,1.39408,1.50,1.50
2011.06.01 10:00:47.536,1.39377,1.39411,1.50,1.50
2011.06.01 10:00:48.440,1.39377,1.39409,1.50,1.50
2011.06.01 10:00:49.213,1.39377,1.39407,1.50,1.50
2011.06.01 10:00:50.497,1.39377,1.3941,1.50,3.00
2011.06.01 10:00:50.828,1.39377,1.39406,1.50,3.00
2011.06.01 10:00:51.275,1.39377,1.39403,1.50,1.50
2011.06.01 10:00:51.603,1.39377,1.39404,1.50,1.50
2011.06.01 10:00:51.734,1.3937,1.39404,1.09,3.00
2011.06.01 10:00:56.825,1.39373,1.39404,1.09,1.50
2011.06.01 10:00:57.374,1.39371,1.39404,1.09,1.50
2011.06.01 10:00:59.245,1.3937,1.39389,1.50,2.25
2011.06.01 10:00:59.466,1.39362,1.39389,1.09,2.25
2011.06.01 10:00:59.576,1.39366,1.39391,1.50,2.25
2011.06.01 10:01:00.248,1.39366,1.39391,2.25,2.25
2011.06.01 10:01:00.584,1.39366,1.39395,1.50,2.25
2011.06.01 10:01:01.600,1.39366,1.39402,1.50,1.50
2011.06.01 10:01:01.827,1.39369,1.39402,1.09,1.50
2011.06.01 10:01:01.936,1.39369,1.39404,1.84,2.25
2011.06.01 10:01:02.634,1.3937,1.39404,1.09,2.25
2011.06.01 10:01:03.185,1.39369,1.39404,1.47,3.15
2011.06.01 10:01:03.406,1.39366,1.39404,2.25,3.15
2011.06.01 10:01:03.626,1.39366,1.39401,1.50,1.65
2011.06.01 10:01:04.177,1.39366,1.39398,1.50,1.65
2011.06.01 10:01:04.510,1.39362,1.39394,1.09,3.15
2011.06.01 10:01:04.626,1.39356,1.39393,2.25,1.65
2011.06.01 10:01:04.953,1.39356,1.3939,1.50,1.65
2011.06.01 10:01:05.263,1.39356,1.39392,1.50,2.40
2011.06.01 10:01:07.194,1.39356,1.39392,2.25,1.65
2011.06.01 10:01:07.525,1.39357,1.39392,1.09,1.65
2011.06.01 10:01:07.765,1.39356,1.39391,3.00,1.65
2011.06.01 10:01:07.878,1.39356,1.39388,2.25,1.50
2011.06.01 10:01:10.136,1.39356,1.39389,1.50,1.65
2011.06.01 10:01:10.574,1.39356,1.3939,1.50,1.50
2011.06.01 10:01:10.794,1.39356,1.3939,1.50,1.50
2011.06.01 10:01:11.124,1.39356,1.3939,1.50,1.50
2011.06.01 10:01:12.044,1.39356,1.3939,1.50,1.50
2011.06.01 10:01:13.600,1.39356,1.3939,1.50,1.50
2011.06.01 10:01:14.173,1.39356,1.3939,1.50,1.50
2011.06.01 10:01:15.497,1.39356,1.39384,1.50,4.50
2011.06.01 10:01:15.834,1.39356,1.39387,1.50,1.65
2011.06.01 10:01:17.150,1.39347,1.39383,1.50,2.25
2011.06.01 10:01:18.256,1.39347,1.39383,1.50,2.25
2011.06.01 10:01:18.808,1.39347,1.3938,1.50,1.50
2011.06.01 10:01:19.146,1.39347,1.3938,1.50,1.50
2011.06.01 10:01:19.474,1.39347,1.3938,1.50,2.40
2011.06.01 10:01:22.713,1.39348,1.3938,2.25,2.40
2011.06.01 10:01:23.238,1.39348,1.39365,2.25,4.50
2011.06.01 10:01:23.358,1.39342,1.39365,1.50,4.50
2011.06.01 10:01:23.480,1.39339,1.39367,1.50,1.50
2011.06.01 10:01:23.597,1.39333,1.39364,2.25,2.40
2011.06.01 10:01:24.046,1.39337,1.39364,2.25,2.40
2011.06.01 10:01:24.374,1.39339,1.39366,2.25,1.65
2011.06.01 10:01:24.485,1.39339,1.39371,2.25,1.65
2011.06.01 10:01:24.595,1.39339,1.39371,2.25,1.65
2011.06.01 10:01:25.434,1.39339,1.39371,2.25,1.65
2011.06.01 10:01:25.764,1.39336,1.39371,1.50,1.65
2011.06.01 10:01:25.984,1.39336,1.39371,1.50,1.65
2011.06.01 10:01:26.426,1.39336,1.39365,1.50,4.50
2011.06.01 10:01:26.645,1.39336,1.39367,1.50,1.50
2011.06.01 10:01:27.304,1.39339,1.39367,2.25,1.50
2011.06.01 10:01:27.420,1.39337,1.39368,1.50,1.50
2011.06.01 10:01:27.534,1.39328,1.39363,3.00,1.50
2011.06.01 10:01:27.704,1.39328,1.39363,2.25,1.50
2011.06.01 10:01:28.034,1.39328,1.39363,2.25,2.25
2011.06.01 10:01:28.474,1.39337,1.39363,2.25,2.25
2011.06.01 10:01:29.066,1.39339,1.39363,2.25,2.25
2011.06.01 10:01:29.174,1.39327,1.39363,1.50,2.25
2011.06.01 10:01:31.735,1.39327,1.39361,1.50,5.25
2011.06.01 10:01:32.067,1.39327,1.39358,1.50,4.50
2011.06.01 10:01:32.513,1.39322,1.39354,1.50,1.50
2011.06.01 10:01:33.795,1.39321,1.39354,1.50,1.50
2011.06.01 10:01:35.954,1.39321,1.39354,2.25,1.50
2011.06.01 10:01:36.739,1.39321,1.39354,1.50,6.00
2011.06.01 10:01:36.862,1.39325,1.39354,1.50,1.50
2011.06.01 10:01:37.904,1.39326,1.39357,2.25,4.50
2011.06.01 10:01:38.021,1.39325,1.39354,1.50,6.00
2011.06.01 10:01:39.224,1.39324,1.39354,1.50,6.00
2011.06.01 10:01:39.778,1.39322,1.39353,1.50,4.50
2011.06.01 10:01:39.899,1.3932,1.39348,1.50,4.50
2011.06.01 10:01:40.021,1.3932,1.39358,1.50,2.10
2011.06.01 10:01:40.250,1.39321,1.39358,3.75,1.50
2011.06.01 10:01:40.368,1.39318,1.39354,3.00,1.50
2011.06.01 10:01:40.993,1.39323,1.39354,1.09,1.50
2011.06.01 10:01:41.545,1.39317,1.39354,2.25,1.50
2011.06.01 10:01:41.765,1.39317,1.39354,1.50,1.50
2011.06.01 10:01:42.315,1.39316,1.39354,2.59,2.25
2011.06.01 10:01:42.951,1.39317,1.39354,1.50,3.00
2011.06.01 10:01:43.504,1.39319,1.39353,1.50,4.50
2011.06.01 10:01:43.726,1.3932,1.39354,2.25,1.50
2011.06.01 10:01:43.946,1.39322,1.39354,1.50,1.50
2011.06.01 10:01:44.570,1.39322,1.39354,1.50,2.25
2011.06.01 10:01:45.104,1.39322,1.39354,1.50,2.25
2011.06.01 10:01:45.636,1.39322,1.39354,1.50,2.25
2011.06.01 10:01:46.465,1.39322,1.39354,1.50,2.25
2011.06.01 10:01:46.795,1.39316,1.39349,2.59,4.50
2011.06.01 10:01:47.234,1.39316,1.39348,2.25,4.50
2011.06.01 10:01:47.675,1.39316,1.39352,2.25,4.99
2011.06.01 10:01:48.116,1.39316,1.39351,2.25,4.65
2011.06.01 10:01:48.447,1.39316,1.39349,2.25,4.50
2011.06.01 10:01:49.118,1.39316,1.39351,2.25,4.65
2011.06.01 10:01:49.344,1.39316,1.39351,2.25,4.65
2011.06.01 10:01:49.563,1.39316,1.39351,2.25,4.65
2011.06.01 10:01:50.194,1.39316,1.3935,2.25,4.50
2011.06.01 10:01:50.635,1.39316,1.39349,2.25,4.50
2011.06.01 10:01:50.745,1.39316,1.39352,2.25,4.99
2011.06.01 10:01:51.506,1.39316,1.39352,2.25,1.24
2011.06.01 10:01:52.276,1.39316,1.39352,2.25,4.99
2011.06.01 10:01:52.843,1.39316,1.39349,2.25,3.75
2011.06.01 10:01:53.066,1.39316,1.39348,2.25,4.50
2011.06.01 10:01:53.177,1.39316,1.39348,2.25,4.50
2011.06.01 10:01:53.684,1.39316,1.39348,2.25,4.50
2011.06.01 10:01:54.359,1.39309,1.39344,1.50,1.50
2011.06.01 10:01:54.477,1.39309,1.39344,1.50,2.25
2011.06.01 10:01:54.705,1.39309,1.39344,1.50,2.25
2011.06.01 10:01:55.184,1.39308,1.39344,1.84,2.25
2011.06.01 10:01:56.044,1.39308,1.39338,1.84,4.50
2011.06.01 10:01:56.266,1.39306,1.39338,2.25,4.50
2011.06.01 10:01:58.424,1.39306,1.39338,2.25,4.50
2011.06.01 10:02:02.014,1.39306,1.39336,2.25,4.50
2011.06.01 10:02:02.124,1.393,1.39336,1.50,4.50
2011.06.01 10:02:02.234,1.39298,1.39336,2.59,4.50
2011.06.01 10:02:03.584,1.39301,1.39334,1.50,2.25
2011.06.01 10:02:03.916,1.39299,1.39334,1.50,2.25
2011.06.01 10:02:04.028,1.39298,1.39326,1.84,4.50
2011.06.01 10:02:04.147,1.39298,1.39326,1.09,4.50
2011.06.01 10:02:04.377,1.39296,1.39323,1.50,1.50
2011.06.01 10:02:05.414,1.39291,1.39323,3.00,1.50
2011.06.01 10:02:08.575,1.39294,1.39323,1.50,1.50
2011.06.01 10:02:09.534,1.39294,1.39323,1.50,1.50
2011.06.01 10:02:11.324,1.39294,1.39323,1.50,1.50
2011.06.01 10:02:12.165,1.39296,1.39323,1.09,1.50
2011.06.01 10:02:12.274,1.39297,1.39331,2.25,4.50
2011.06.01 10:02:12.724,1.39297,1.39332,2.25,4.50
2011.06.01 10:02:13.044,1.39297,1.39333,2.25,3.60
2011.06.01 10:02:13.155,1.39297,1.39332,2.25,2.10
2011.06.01 10:02:13.265,1.39297,1.39332,2.25,2.10
2011.06.01 10:02:15.084,1.39297,1.39332,2.25,2.85
2011.06.01 10:02:15.617,1.39297,1.39332,2.25,2.10
2011.06.01 10:02:15.954,1.39301,1.39333,1.50,2.85
2011.06.01 10:02:16.536,1.39297,1.39333,3.00,1.50
2011.06.01 10:02:16.756,1.39297,1.39333,2.25,2.25
2011.06.01 10:02:17.304,1.39297,1.39333,2.25,1.50
2011.06.01 10:02:17.745,1.39301,1.39333,1.50,1.50
2011.06.01 10:02:18.404,1.39301,1.39333,1.50,1.50
2011.06.01 10:02:19.416,1.39301,1.39333,3.75,1.50
2011.06.01 10:02:19.965,1.39301,1.39333,3.75,1.50
2011.06.01 10:02:20.186,1.39301,1.39333,1.50,1.50
2011.06.01 10:02:20.791,1.39302,1.39333,1.50,1.50
2011.06.01 10:02:22.085,1.39299,1.39333,1.50,6.00
2011.06.01 10:02:22.193,1.39299,1.39333,1.50,6.00
2011.06.01 10:02:23.260,1.393,1.39333,1.50,1.50
2011.06.01 10:02:25.855,1.39302,1.39333,1.50,1.50
2011.06.01 10:02:27.595,1.39307,1.39333,1.50,1.50
2011.06.01 10:02:27.815,1.39307,1.39338,1.50,2.10
2011.06.01 10:02:29.705,1.39296,1.39334,3.34,2.85
2011.06.01 10:02:30.794,1.39296,1.39334,3.34,3.60
2011.06.01 10:02:31.675,1.39296,1.39334,3.34,2.85
2011.06.01 10:02:31.904,1.39296,1.39333,3.34,5.25
2011.06.01 10:02:32.235,1.39296,1.39331,2.59,2.10
2011.06.01 10:02:32.784,1.39296,1.39331,2.59,2.10
2011.06.01 10:02:33.603,1.39297,1.3933,2.25,1.35
2011.06.01 10:02:42.415,1.39297,1.3933,2.25,2.10
2011.06.01 10:02:42.744,1.39297,1.39333,2.25,2.59
2011.06.01 10:02:43.074,1.39298,1.39333,1.09,2.25
2011.06.01 10:02:43.404,1.39298,1.39332,1.09,1.50
2011.06.01 10:02:43.625,1.39298,1.39332,1.09,1.50
2011.06.01 10:02:43.843,1.39298,1.39332,1.09,1.50
2011.06.01 10:02:44.173,1.39298,1.39332,1.09,1.50
2011.06.01 10:02:44.865,1.39298,1.39333,1.09,2.25
2011.06.01 10:02:45.084,1.39298,1.39333,1.09,2.25
2011.06.01 10:02:45.303,1.39298,1.39333,1.09,2.25
2011.06.01 10:02:47.623,1.39298,1.39333,1.09,1.50
2011.06.01 10:02:48.676,1.39298,1.39333,1.09,1.88
2011.06.01 10:02:48.785,1.39297,1.39332,2.25,1.88
2011.06.01 10:02:48.895,1.39294,1.39323,1.50,1.50
2011.06.01 10:02:49.837,1.39302,1.39323,1.50,1.50
2011.06.01 10:02:49.954,1.39302,1.39333,1.50,1.50
2011.06.01 10:02:50.070,1.393,1.39333,1.50,2.25
2011.06.01 10:02:50.187,1.393,1.39333,1.50,1.50
2011.06.01 10:02:50.305,1.39298,1.39331,1.09,1.35
2011.06.01 10:02:50.635,1.39299,1.39333,1.50,1.50
2011.06.01 10:02:50.748,1.39307,1.39342,2.25,1.50
2011.06.01 10:02:52.029,1.39308,1.39343,1.09,2.25
2011.06.01 10:02:52.586,1.39317,1.39343,1.09,1.50
2011.06.01 10:02:52.914,1.39317,1.39353,2.59,2.25
2011.06.01 10:02:53.025,1.39317,1.39353,2.59,1.50
2011.06.01 10:02:53.795,1.39317,1.39353,2.59,1.50
2011.06.01 10:02:54.123,1.39317,1.39353,2.59,1.50
2011.06.01 10:02:54.896,1.39317,1.39353,2.25,3.00
2011.06.01 10:02:55.006,1.39317,1.39351,2.25,1.50
2011.06.01 10:02:56.144,1.39317,1.39352,2.25,1.50
2011.06.01 10:02:56.475,1.39317,1.39353,2.25,2.25
2011.06.01 10:02:57.026,1.39317,1.39353,2.25,1.50
2011.06.01 10:02:57.356,1.39317,1.39352,2.25,1.50
2011.06.01 10:02:57.895,1.39317,1.39353,2.25,3.00
2011.06.01 10:02:58.264,1.39317,1.39352,2.25,1.50
2011.06.01 10:02:58.824,1.39317,1.39348,2.25,1.50
2011.06.01 10:02:59.543,1.39317,1.39348,2.25,1.50
2011.06.01 10:03:00.139,1.39317,1.39348,2.25,1.50
2011.06.01 10:03:00.584,1.3931,1.39344,1.09,1.50
2011.06.01 10:03:00.805,1.39317,1.39348,2.25,1.50
2011.06.01 10:03:01.625,1.39317,1.39349,2.25,1.50
2011.06.01 10:03:01.734,1.39317,1.39353,2.25,2.25
2011.06.01 10:03:03.875,1.3932,1.39353,3.00,1.50
2011.06.01 10:03:04.316,1.39317,1.39353,2.25,1.50
2011.06.01 10:03:04.646,1.39317,1.39353,2.25,2.25
2011.06.01 10:03:04.868,1.39317,1.39351,2.25,1.50
2011.06.01 10:03:05.445,1.39317,1.39351,2.25,1.50
2011.06.01 10:03:05.775,1.39317,1.3935,1.50,1.50
2011.06.01 10:03:06.106,1.3931,1.39345,1.09,1.50
2011.06.01 10:03:06.875,1.39306,1.39344,2.25,3.34
2011.06.01 10:03:07.277,1.39306,1.39344,2.25,3.34
2011.06.01 10:03:08.283,1.39306,1.39344,2.25,2.59
2011.06.01 10:03:08.401,1.39302,1.39333,1.50,1.50
2011.06.01 10:03:08.749,1.393,1.39333,1.50,1.50
2011.06.01 10:03:08.864,1.39307,1.39343,2.25,2.25
2011.06.01 10:03:10.303,1.39307,1.39343,2.25,3.00
2011.06.01 10:03:10.744,1.39307,1.39342,2.25,1.50
2011.06.01 10:03:11.753,1.39307,1.39342,2.25,1.50
2011.06.01 10:03:11.974,1.39307,1.39342,2.25,1.50
2011.06.01 10:03:12.314,1.39307,1.39343,2.59,1.50
2011.06.01 10:03:12.535,1.39307,1.39343,2.59,1.50
2011.06.01 10:03:12.765,1.39307,1.39343,2.59,2.25
2011.06.01 10:03:13.924,1.39307,1.39343,2.59,2.25
2011.06.01 10:03:14.765,1.39307,1.39343,2.59,1.50
2011.06.01 10:03:15.674,1.39315,1.39343,1.09,1.50
2011.06.01 10:03:25.304,1.39307,1.39343,2.25,1.50
2011.06.01 10:03:25.416,1.39307,1.39343,2.25,1.50
2011.06.01 10:03:25.744,1.39307,1.39343,2.25,1.50
2011.06.01 10:03:26.246,1.39307,1.39343,2.25,1.50
2011.06.01 10:03:27.256,1.39306,1.39344,2.25,1.50
2011.06.01 10:03:27.847,1.39306,1.39344,2.25,2.25
2011.06.01 10:03:28.403,1.39306,1.39344,2.25,3.00
2011.06.01 10:03:30.214,1.39306,1.39342,2.25,1.50
2011.06.01 10:03:30.763,1.39307,1.39343,2.25,5.25
2011.06.01 10:03:31.324,1.39307,1.39342,2.25,1.50
2011.06.01 10:03:32.049,1.39307,1.39341,2.25,2.25
2011.06.01 10:03:32.605,1.39307,1.39341,1.50,2.25
2011.06.01 10:03:37.434,1.39307,1.39338,1.50,1.50
2011.06.01 10:03:40.556,1.39307,1.39337,1.50,1.50
2011.06.01 10:03:42.362,1.39307,1.39339,1.50,1.50
2011.06.01 10:03:42.694,1.39309,1.3934,2.25,1.50
2011.06.01 10:03:43.135,1.39309,1.39343,2.25,3.00
2011.06.01 10:03:44.125,1.39307,1.39343,1.50,3.00
2011.06.01 10:03:44.237,1.39307,1.39338,1.50,1.50
2011.06.01 10:03:44.575,1.39307,1.39339,1.50,1.50
2011.06.01 10:03:44.906,1.39307,1.39341,2.25,1.35
2011.06.01 10:03:45.016,1.39307,1.39343,2.25,2.25
2011.06.01 10:03:45.124,1.39307,1.39343,2.25,2.25
2011.06.01 10:03:46.355,1.39307,1.39343,2.25,1.50
2011.06.01 10:03:47.253,1.39307,1.39343,2.25,2.25
2011.06.01 10:03:48.508,1.39307,1.39343,2.25,2.25
2011.06.01 10:03:48.847,1.39307,1.39341,1.50,1.50
2011.06.01 10:03:49.176,1.39303,1.39333,1.09,1.50
2011.06.01 10:03:50.085,1.39302,1.39333,1.09,1.50
2011.06.01 10:03:50.963,1.39309,1.39333,2.25,1.50
2011.06.01 10:03:51.881,1.39309,1.39343,2.25,3.15
2011.06.01 10:03:52.445,1.39307,1.39343,3.75,3.15
2011.06.01 10:03:53.933,1.39307,1.39343,1.50,3.90
2011.06.01 10:03:54.716,1.3931,1.39343,2.25,3.15
2011.06.01 10:03:55.625,1.3931,1.39343,2.25,2.25
2011.06.01 10:03:56.014,1.39307,1.39343,1.50,2.25
2011.06.01 10:03:56.594,1.39307,1.39343,1.50,2.25
2011.06.01 10:03:57.603,1.39307,1.39343,1.50,2.25
2011.06.01 10:03:58.043,1.39301,1.39333,1.09,1.50
2011.06.01 10:03:58.544,1.39303,1.39333,1.09,1.50
2011.06.01 10:04:00.365,1.39302,1.39333,1.09,1.50
2011.06.01 10:04:00.915,1.39299,1.39333,1.50,1.50
2011.06.01 10:04:01.025,1.39298,1.39333,2.25,2.25
2011.06.01 10:04:01.135,1.39296,1.39332,3.75,1.50
2011.06.01 10:04:01.356,1.39296,1.39332,1.50,2.59
2011.06.01 10:04:02.241,1.39296,1.39329,1.50,1.50
2011.06.01 10:04:02.574,1.39296,1.39328,1.50,1.65
2011.06.01 10:04:02.913,1.39288,1.39323,3.00,1.50
2011.06.01 10:04:03.357,1.39288,1.39323,3.00,1.50
2011.06.01 10:04:03.466,1.39287,1.39323,2.63,1.50
2011.06.01 10:04:04.855,1.39296,1.39323,3.00,1.50
2011.06.01 10:04:06.216,1.39288,1.39323,3.00,1.50
2011.06.01 10:04:07.275,1.393,1.39323,2.25,1.50
2011.06.01 10:04:07.495,1.39298,1.39323,2.25,1.50
2011.06.01 10:04:09.365,1.393,1.39323,2.25,1.50
2011.06.01 10:04:11.015,1.39296,1.39323,1.09,1.50
2011.06.01 10:04:11.274,1.39294,1.39323,1.09,1.50
2011.06.01 10:04:11.795,1.39296,1.39323,1.09,1.50
2011.06.01 10:04:13.374,1.39296,1.39323,1.09,1.50
2011.06.01 10:04:13.814,1.39297,1.39331,1.50,1.50
2011.06.01 10:04:14.909,1.39297,1.39332,2.25,1.65
2011.06.01 10:04:16.384,1.39297,1.39333,2.25,3.90
2011.06.01 10:04:16.934,1.39297,1.39333,2.25,3.00
2011.06.01 10:04:17.157,1.39297,1.39332,1.50,1.50
2011.06.01 10:04:18.544,1.39297,1.3933,1.50,1.50
2011.06.01 10:04:19.405,1.39289,1.39323,3.34,1.50
2011.06.01 10:04:19.734,1.39289,1.39323,3.34,1.50
2011.06.01 10:04:21.283,1.39289,1.39323,3.34,1.50
2011.06.01 10:04:22.679,1.39289,1.39323,1.09,1.50
2011.06.01 10:04:22.906,1.39289,1.39323,1.09,1.50
2011.06.01 10:04:23.504,1.39289,1.39323,1.09,1.50
2011.06.01 10:04:25.976,1.39287,1.39323,4.50,1.84
2011.06.01 10:04:26.528,1.39279,1.39323,1.50,1.09
2011.06.01 10:04:26.864,1.39279,1.39314,1.50,1.50
2011.06.01 10:04:26.973,1.39279,1.39314,1.50,1.50
2011.06.01 10:04:29.105,1.39286,1.39324,2.25,4.09
2011.06.01 10:04:30.645,1.39286,1.39318,1.50,1.09
2011.06.01 10:04:30.866,1.39276,1.39309,2.25,1.09
2011.06.01 10:04:31.197,1.39277,1.39314,1.50,1.84
2011.06.01 10:04:31.757,1.39277,1.39314,2.25,1.50
2011.06.01 10:04:31.865,1.39277,1.39314,1.50,1.50
2011.06.01 10:04:32.304,1.39277,1.39314,1.50,1.50
2011.06.01 10:04:33.727,1.39277,1.39314,3.75,1.50
2011.06.01 10:04:34.984,1.39278,1.39314,3.00,1.50
2011.06.01 10:04:35.644,1.39281,1.39314,1.50,1.50
2011.06.01 10:04:36.036,1.39285,1.39314,1.50,1.50
2011.06.01 10:04:36.145,1.39287,1.39323,2.25,2.25
2011.06.01 10:04:39.004,1.39287,1.39323,2.25,1.50
2011.06.01 10:04:40.781,1.39293,1.39323,1.50,1.50
2011.06.01 10:04:42.477,1.393,1.39323,2.25,1.50
2011.06.01 10:04:42.585,1.393,1.39332,2.25,1.13
2011.06.01 10:04:42.697,1.393,1.39334,3.00,1.50
2011.06.01 10:04:42.927,1.39298,1.39334,1.09,1.50
2011.06.01 10:04:44.079,1.39296,1.39334,2.25,1.84
2011.06.01 10:04:44.636,1.39296,1.39332,1.50,1.09
2011.06.01 10:04:45.297,1.39296,1.39334,1.88,3.00
2011.06.01 10:04:45.406,1.39296,1.39334,3.38,2.25
2011.06.01 10:04:46.244,1.39307,1.39343,2.25,2.25
2011.06.01 10:04:46.807,1.39307,1.39341,2.25,2.10
2011.06.01 10:04:47.026,1.39314,1.39343,2.25,1.50
2011.06.01 10:04:47.249,1.39307,1.39343,3.00,1.50
2011.06.01 10:04:47.695,1.39316,1.39347,1.50,1.50
2011.06.01 10:04:49.365,1.39316,1.39347,1.50,1.50
2011.06.01 10:04:49.915,1.39316,1.39345,1.50,1.50
2011.06.01 10:04:52.025,1.39316,1.39348,1.50,1.84
2011.06.01 10:04:56.775,1.39316,1.39341,1.50,1.50
2011.06.01 10:04:56.885,1.39307,1.39341,2.25,1.50
2011.06.01 10:04:56.997,1.39307,1.3934,1.50,1.09
2011.06.01 10:04:57.325,1.39307,1.39338,1.50,1.09
2011.06.01 10:04:57.545,1.39307,1.39339,1.50,2.44
2011.06.01 10:04:59.497,1.39307,1.39339,1.50,2.10
2011.06.01 10:04:59.726,1.39307,1.39343,3.00,1.50
2011.06.01 10:05:00.277,1.39307,1.39343,1.50,2.25
2011.06.01 10:05:00.497,1.39307,1.39343,1.50,2.59
2011.06.01 10:05:12.083,1.39307,1.3934,1.50,1.69
2011.06.01 10:05:13.734,1.39297,1.39334,2.25,1.50
2011.06.01 10:05:14.417,1.39297,1.39334,1.50,1.50
2011.06.01 10:05:15.614,1.39297,1.39334,2.25,1.50
2011.06.01 10:05:16.436,1.39297,1.39334,1.50,1.88
2011.06.01 10:05:16.766,1.39292,1.39325,1.50,1.50
2011.06.01 10:05:16.876,1.39287,1.39324,1.50,1.50
2011.06.01 10:05:17.215,1.39288,1.39324,1.50,1.50
2011.06.01 10:05:17.567,1.39292,1.39324,1.50,1.50
2011.06.01 10:05:18.274,1.39292,1.39324,1.50,1.50
2011.06.01 10:05:18.387,1.39297,1.39328,1.50,1.09
2011.06.01 10:05:19.148,1.39286,1.39324,3.00,1.50
2011.06.01 10:05:19.487,1.39286,1.39324,2.25,1.50
2011.06.01 10:05:20.145,1.39286,1.39324,2.25,1.50
2011.06.01 10:05:20.698,1.39286,1.39324,3.00,2.25
2011.06.01 10:05:21.256,1.39286,1.39324,3.00,1.50
2011.06.01 10:05:22.715,1.3929,1.39324,1.50,1.50
2011.06.01 10:05:22.996,1.39287,1.39324,1.50,1.50
2011.06.01 10:05:23.267,1.3929,1.39324,1.50,1.50
2011.06.01 10:05:23.548,1.39286,1.39324,3.00,1.50
2011.06.01 10:05:25.734,1.3929,1.39324,1.50,1.50
2011.06.01 10:05:26.283,1.39286,1.39324,3.00,2.25
2011.06.01 10:05:27.164,1.39288,1.39324,1.50,1.50
2011.06.01 10:05:28.327,1.39286,1.39324,3.00,1.50
2011.06.01 10:05:29.536,1.39286,1.39324,2.25,2.25
2011.06.01 10:05:29.974,1.39287,1.39324,1.50,2.25
2011.06.01 10:05:31.474,1.39286,1.39324,3.00,2.25
2011.06.01 10:05:32.504,1.39286,1.39324,2.25,2.25
2011.06.01 10:05:34.824,1.39286,1.39324,2.25,2.25
2011.06.01 10:05:37.065,1.39286,1.39324,2.25,3.00
2011.06.01 10:05:38.376,1.39286,1.39324,1.50,3.00
2011.06.01 10:05:41.574,1.39286,1.39321,1.50,1.50
2011.06.01 10:05:41.866,1.39286,1.39321,1.50,1.50
2011.06.01 10:05:43.524,1.39286,1.39317,1.50,1.13
2011.06.01 10:05:45.574,1.39286,1.39316,1.50,1.13
2011.06.01 10:05:46.346,1.39279,1.39314,1.09,1.50
2011.06.01 10:05:46.797,1.39276,1.39314,3.00,1.50
2011.06.01 10:05:47.128,1.39276,1.39314,2.25,2.25
2011.06.01 10:05:47.465,1.39277,1.39314,1.50,3.00
2011.06.01 10:05:52.557,1.39276,1.39314,2.25,3.00
2011.06.01 10:05:53.284,1.39276,1.39314,2.25,3.75
2011.06.01 10:05:54.844,1.39276,1.39314,2.25,3.00
2011.06.01 10:05:56.076,1.39275,1.39306,1.50,1.09
2011.06.01 10:05:56.405,1.39269,1.39306,1.50,1.84
2011.06.01 10:05:56.516,1.39267,1.39303,1.50,2.25
2011.06.01 10:05:58.476,1.39267,1.39303,2.25,2.25
2011.06.01 10:05:58.584,1.39267,1.39303,2.25,2.25
2011.06.01 10:05:59.137,1.39271,1.39303,1.50,1.50
2011.06.01 10:05:59.465,1.39273,1.39303,1.50,1.50
2011.06.01 10:06:00.296,1.39276,1.39306,2.25,1.09
2011.06.01 10:06:00.846,1.39276,1.39306,1.50,1.09
2011.06.01 10:06:01.174,1.39266,1.39304,2.25,2.25
2011.06.01 10:06:01.736,1.39266,1.39304,2.25,2.25
2011.06.01 10:06:05.494,1.39266,1.39304,2.25,2.25
2011.06.01 10:06:06.764,1.39266,1.39304,2.25,2.25
2011.06.01 10:06:07.216,1.39266,1.39304,2.25,2.25
2011.06.01 10:06:08.845,1.39266,1.39304,2.25,2.25
2011.06.01 10:06:08.965,1.39266,1.39304,2.25,2.25
2011.06.01 10:06:09.683,1.39266,1.39304,1.50,2.25
2011.06.01 10:06:10.065,1.39266,1.39304,2.25,2.25
2011.06.01 10:06:10.495,1.39266,1.39304,2.25,2.25
2011.06.01 10:06:10.604,1.39277,1.39306,1.50,1.09
2011.06.01 10:06:11.166,1.39277,1.39306,1.50,1.09
2011.06.01 10:06:11.496,1.39277,1.39306,1.50,1.09
2011.06.01 10:06:11.936,1.39277,1.39309,1.50,1.13
2011.06.01 10:06:13.806,1.39277,1.39309,1.50,1.13
2011.06.01 10:06:14.030,1.39272,1.39303,2.25,2.25
2011.06.01 10:06:14.614,1.39268,1.39303,1.50,2.25
2011.06.01 10:06:15.004,1.39267,1.39303,3.75,2.25
2011.06.01 10:06:15.344,1.39268,1.39303,1.50,2.25
2011.06.01 10:06:16.825,1.39268,1.39303,1.50,2.25
2011.06.01 10:06:16.938,1.39267,1.39303,3.00,2.25
2011.06.01 10:06:17.057,1.3927,1.39303,1.50,1.50
2011.06.01 10:06:17.274,1.39268,1.39303,3.75,1.50
2011.06.01 10:06:17.514,1.39269,1.39303,1.50,1.50
2011.06.01 10:06:17.874,1.39268,1.39303,3.75,1.50
2011.06.01 10:06:17.984,1.39269,1.39303,1.50,1.50
2011.06.01 10:06:18.377,1.39268,1.39303,1.50,2.25
2011.06.01 10:06:18.934,1.39272,1.39303,1.68,1.50
2011.06.01 10:06:19.266,1.39272,1.39303,1.50,1.50
2011.06.01 10:06:19.484,1.39272,1.39303,1.50,1.50
2011.06.01 10:06:21.755,1.39272,1.39303,1.50,1.50
2011.06.01 10:06:22.417,1.39271,1.39303,1.50,1.50
2011.06.01 10:06:22.854,1.39268,1.39303,1.50,1.50
2011.06.01 10:06:24.955,1.39271,1.39303,1.09,1.50
2011.06.01 10:06:26.144,1.39271,1.39303,1.09,1.50
2011.06.01 10:06:28.466,1.39271,1.39303,3.34,1.50
2011.06.01 10:06:28.575,1.39276,1.39309,2.25,1.50
2011.06.01 10:06:28.684,1.39276,1.39309,2.25,1.50
2011.06.01 10:06:29.350,1.39276,1.39314,1.50,2.40
2011.06.01 10:06:29.466,1.39276,1.3931,1.50,1.50
2011.06.01 10:06:29.577,1.39276,1.39312,1.50,1.50
2011.06.01 10:06:29.685,1.39276,1.39314,2.25,3.15
2011.06.01 10:06:29.797,1.39276,1.39314,3.00,2.40
2011.06.01 10:06:29.903,1.39276,1.39314,3.00,1.65
2011.06.01 10:06:30.253,1.39276,1.39314,3.00,1.65
2011.06.01 10:06:30.476,1.39277,1.39314,2.25,2.25
2011.06.01 10:06:31.023,1.39278,1.39314,1.50,1.50
2011.06.01 10:06:31.134,1.39277,1.39314,1.50,1.50
2011.06.01 10:06:31.244,1.39278,1.39314,1.50,1.50
2011.06.01 10:06:32.117,1.39283,1.39316,1.13,1.09
2011.06.01 10:06:32.226,1.39284,1.39319,1.50,1.65
2011.06.01 10:06:32.446,1.39286,1.39321,1.50,2.25
2011.06.01 10:06:32.777,1.39286,1.39319,1.50,2.25
2011.06.01 10:06:32.885,1.39286,1.39319,1.50,2.25
2011.06.01 10:06:33.334,1.39281,1.39314,1.09,2.25
2011.06.01 10:06:33.774,1.39279,1.39314,1.09,2.25
2011.06.01 10:06:34.448,1.39281,1.39314,1.84,1.50
2011.06.01 10:06:35.508,1.39277,1.39312,3.75,1.09
2011.06.01 10:06:35.845,1.39276,1.39312,3.75,1.09
2011.06.01 10:06:36.418,1.39277,1.39314,3.00,1.50
2011.06.01 10:06:36.963,1.39276,1.39314,3.34,1.50
2011.06.01 10:06:37.263,1.39276,1.39314,2.59,2.25
2011.06.01 10:06:37.925,1.39276,1.39314,2.59,2.25
2011.06.01 10:06:38.044,1.39277,1.39314,1.50,2.25
2011.06.01 10:06:38.375,1.39276,1.39314,4.09,2.25
2011.06.01 10:06:40.779,1.39277,1.39312,1.50,1.09
2011.06.01 10:06:41.045,1.39278,1.39313,1.50,1.09
2011.06.01 10:06:41.264,1.39276,1.39312,2.25,1.09
2011.06.01 10:06:53.711,1.39276,1.39313,3.00,1.09
2011.06.01 10:06:59.382,1.39276,1.39313,2.25,1.09
2011.06.01 10:06:59.825,1.39276,1.39313,2.25,1.84
2011.06.01 10:07:00.046,1.39276,1.39312,1.50,1.09
2011.06.01 10:07:01.735,1.39276,1.39307,1.50,1.50
2011.06.01 10:07:02.065,1.39276,1.39312,2.25,1.99
2011.06.01 10:07:02.614,1.39276,1.39312,2.25,1.24
2011.06.01 10:07:02.727,1.39276,1.3931,1.50,1.50
2011.06.01 10:07:04.546,1.39277,1.39312,1.50,1.09
2011.06.01 10:07:04.765,1.39277,1.39312,1.50,1.09
2011.06.01 10:07:04.985,1.39277,1.39313,3.00,2.25
2011.06.01 10:07:05.206,1.39277,1.39313,3.00,2.25
2011.06.01 10:07:05.647,1.3928,1.39313,1.50,1.50
2011.06.01 10:07:05.755,1.39281,1.39313,3.00,1.50
2011.06.01 10:07:07.294,1.39283,1.39313,1.50,1.50
2011.06.01 10:07:08.634,1.39286,1.3932,1.50,1.09
2011.06.01 10:07:08.856,1.39286,1.3932,1.50,1.09
2011.06.01 10:07:14.894,1.39286,1.39324,3.00,3.15
2011.06.01 10:07:15.007,1.39286,1.39324,3.00,2.40
2011.06.01 10:07:15.774,1.39286,1.39324,2.25,2.25
2011.06.01 10:07:16.645,1.39286,1.39323,1.50,1.50
2011.06.01 10:07:17.414,1.39286,1.39323,3.00,1.50
2011.06.01 10:07:22.467,1.39286,1.39324,2.25,3.00
2011.06.01 10:07:23.334,1.39286,1.39324,3.00,2.25
2011.06.01 10:07:23.554,1.39291,1.39324,1.50,2.25
2011.06.01 10:07:23.994,1.39294,1.39324,1.50,2.25
2011.06.01 10:07:28.725,1.39288,1.39323,1.50,2.25
2011.06.01 10:07:28.834,1.39287,1.39323,3.00,2.25
2011.06.01 10:07:29.054,1.39288,1.39323,1.50,2.25
2011.06.01 10:07:29.463,1.39287,1.39323,3.75,2.25
2011.06.01 10:07:30.066,1.39287,1.39323,3.75,2.25
2011.06.01 10:07:30.776,1.39287,1.39323,3.00,2.25
2011.06.01 10:07:31.755,1.39287,1.39323,3.00,2.25
2011.06.01 10:07:32.085,1.39297,1.39328,1.50,1.09
2011.06.01 10:07:32.414,1.39297,1.39328,1.50,1.09
2011.06.01 10:07:34.747,1.39291,1.39324,1.50,2.25
2011.06.01 10:07:35.295,1.39291,1.39324,1.50,2.25
2011.06.01 10:07:35.894,1.39293,1.39324,1.50,2.25
2011.06.01 10:07:36.465,1.39293,1.39324,1.50,2.25
2011.06.01 10:07:38.995,1.39296,1.39328,1.50,1.09
2011.06.01 10:07:46.628,1.39296,1.39328,2.25,1.09
2011.06.01 10:07:46.958,1.39296,1.39328,2.25,1.09
2011.06.01 10:07:47.173,1.39296,1.39328,3.00,1.09
2011.06.01 10:07:47.724,1.39301,1.39328,1.50,1.09
2011.06.01 10:07:50.099,1.39297,1.39334,1.50,2.25
2011.06.01 10:07:50.218,1.39296,1.39334,1.50,2.25
2011.06.01 10:07:50.777,1.39296,1.39328,1.50,1.09
2011.06.01 10:07:50.995,1.3929,1.39324,2.25,2.25
2011.06.01 10:07:51.218,1.3929,1.39324,1.50,2.25
2011.06.01 10:07:51.444,1.39287,1.39324,1.50,2.25
2011.06.01 10:07:51.558,1.39286,1.39324,3.00,2.25
2011.06.01 10:07:52.214,1.39287,1.39323,1.50,2.25
2011.06.01 10:07:57.156,1.39287,1.39323,1.50,2.25
2011.06.01 10:07:58.857,1.39287,1.39323,1.50,2.25
2011.06.01 10:07:59.395,1.39287,1.39323,1.50,2.25
2011.06.01 10:08:00.026,1.39282,1.39313,1.09,1.50
2011.06.01 10:08:00.574,1.39278,1.39313,1.50,1.50
2011.06.01 10:08:00.797,1.3928,1.39313,1.50,1.50
2011.06.01 10:08:01.344,1.3928,1.39313,1.50,1.50
2011.06.01 10:08:02.425,1.3928,1.39313,1.50,1.50
2011.06.01 10:08:05.585,1.3928,1.39313,2.25,1.50
2011.06.01 10:08:06.734,1.3927,1.39297,1.50,1.50
2011.06.01 10:08:07.288,1.39269,1.39296,1.50,1.50
2011.06.01 10:08:07.844,1.39269,1.39297,1.50,1.50
2011.06.01 10:08:08.394,1.3927,1.39297,1.50,1.50
2011.06.01 10:08:09.727,1.3927,1.39296,1.50,1.50
2011.06.01 10:08:10.945,1.39271,1.39297,1.50,1.50
2011.06.01 10:08:11.384,1.3927,1.39297,2.25,1.50
2011.06.01 10:08:11.494,1.3927,1.39297,2.25,1.50
2011.06.01 10:08:12.294,1.39272,1.39297,1.50,1.50
2011.06.01 10:08:12.952,1.39272,1.39297,1.50,1.50
2011.06.01 10:08:13.064,1.39271,1.39297,1.50,1.50
2011.06.01 10:08:13.820,1.39272,1.39296,1.50,1.50
2011.06.01 10:08:15.265,1.39271,1.39297,1.50,1.50
2011.06.01 10:08:16.521,1.39271,1.39297,1.50,1.50
2011.06.01 10:08:17.075,1.3927,1.39297,2.25,1.50
2011.06.01 10:08:17.625,1.3927,1.39297,1.50,1.50
2011.06.01 10:08:17.954,1.39267,1.39297,3.00,1.50
2011.06.01 10:08:18.064,1.39267,1.39297,2.25,1.50
2011.06.01 10:08:18.566,1.39267,1.39297,2.25,1.50
2011.06.01 10:08:19.264,1.39267,1.39297,2.25,1.50
2011.06.01 10:08:19.484,1.39267,1.39297,2.25,1.50
2011.06.01 10:08:21.397,1.39267,1.39297,2.25,1.50
2011.06.01 10:08:21.847,1.39267,1.39297,2.25,1.50
2011.06.01 10:08:22.385,1.39267,1.39296,1.50,1.50
2011.06.01 10:08:22.605,1.39267,1.39297,2.25,1.50
2011.06.01 10:08:23.308,1.39267,1.39297,2.25,1.50
2011.06.01 10:08:23.430,1.39267,1.39297,2.25,1.50
2011.06.01 10:08:23.956,1.39267,1.39297,3.00,1.50
2011.06.01 10:08:24.245,1.39268,1.39297,1.50,1.50
2011.06.01 10:08:24.363,1.39267,1.39297,2.25,1.50
2011.06.01 10:08:24.965,1.39267,1.39297,1.50,1.50
2011.06.01 10:08:25.364,1.39267,1.39297,2.25,1.50
2011.06.01 10:08:26.755,1.39267,1.39296,3.00,1.50
2011.06.01 10:08:27.084,1.39267,1.39297,3.00,1.50
2011.06.01 10:08:27.306,1.39267,1.39296,3.00,1.50
2011.06.01 10:08:27.636,1.3927,1.39296,1.50,1.50
2011.06.01 10:08:29.035,1.3927,1.39297,1.50,1.50
2011.06.01 10:08:29.365,1.3927,1.39297,1.50,1.50
2011.06.01 10:08:29.474,1.3927,1.39297,1.50,1.50
2011.06.01 10:08:29.584,1.3927,1.39297,1.50,1.50
2011.06.01 10:08:30.247,1.39269,1.39297,1.09,1.50
2011.06.01 10:08:30.355,1.3927,1.39297,1.50,1.50
2011.06.01 10:08:31.586,1.3927,1.39297,1.50,1.50
2011.06.01 10:08:32.125,1.3927,1.39297,1.50,1.50
2011.06.01 10:08:32.459,1.39273,1.39296,1.50,1.50
2011.06.01 10:08:33.246,1.39274,1.39297,1.50,1.50
2011.06.01 10:08:33.575,1.39277,1.39297,1.50,1.50
2011.06.01 10:08:34.016,1.39277,1.39313,2.25,2.25
2011.06.01 10:08:34.565,1.39277,1.39313,3.00,2.25
2011.06.01 10:08:35.517,1.39277,1.39313,2.25,2.25
2011.06.01 10:08:37.812,1.39277,1.39313,3.00,2.25
2011.06.01 10:08:38.724,1.39277,1.39312,3.00,1.50
2011.06.01 10:08:39.494,1.39277,1.39307,3.75,1.50
2011.06.01 10:08:39.824,1.39277,1.39307,5.25,1.50
2011.06.01 10:08:40.535,1.39277,1.39307,3.00,1.50
2011.06.01 10:08:42.446,1.39277,1.39307,3.00,1.50
2011.06.01 10:08:42.995,1.39277,1.39307,3.75,1.50
2011.06.01 10:08:44.459,1.39277,1.39306,3.75,1.50
2011.06.01 10:08:45.112,1.39277,1.39307,3.75,1.50
2011.06.01 10:08:45.653,1.39277,1.39307,3.75,1.50
2011.06.01 10:08:45.990,1.39277,1.39297,2.25,2.25
2011.06.01 10:08:46.218,1.39267,1.39297,3.75,2.25
2011.06.01 10:08:46.338,1.39267,1.39294,1.50,2.25
2011.06.01 10:08:46.677,1.39269,1.39288,1.50,2.25
2011.06.01 10:08:47.085,1.3927,1.39289,1.50,2.25
2011.06.01 10:08:47.634,1.39267,1.39289,1.50,2.25
2011.06.01 10:08:47.964,1.39267,1.39304,2.25,1.50
2011.06.01 10:08:48.074,1.39267,1.39304,2.25,1.50
2011.06.01 10:08:49.049,1.39271,1.39304,1.50,1.50
2011.06.01 10:08:49.386,1.39267,1.39304,1.50,1.50
2011.06.01 10:08:49.938,1.39266,1.39304,2.25,2.25
2011.06.01 10:08:50.497,1.39266,1.39304,2.25,1.50
2011.06.01 10:08:51.435,1.39266,1.39304,2.25,2.25
2011.06.01 10:08:58.445,1.39266,1.39304,2.25,2.25
2011.06.01 10:08:59.107,1.39266,1.39304,3.00,1.50
2011.06.01 10:08:59.456,1.39266,1.39304,3.75,1.50
2011.06.01 10:09:00.466,1.39267,1.39304,1.50,2.25
2011.06.01 10:09:00.575,1.39267,1.39304,1.50,1.50
2011.06.01 10:09:03.839,1.39269,1.39304,1.84,1.50
2011.06.01 10:09:05.097,1.39269,1.39303,1.84,1.50
2011.06.01 10:09:05.776,1.39272,1.39303,1.50,1.50
2011.06.01 10:09:06.469,1.3928,1.39303,2.25,1.50
2011.06.01 10:09:06.806,1.39282,1.39303,2.25,1.50
2011.06.01 10:09:06.915,1.39282,1.39307,2.25,1.50
2011.06.01 10:09:07.466,1.39282,1.39307,2.25,1.50
2011.06.01 10:09:08.491,1.39282,1.39307,2.25,1.50
2011.06.01 10:09:08.614,1.39279,1.39306,2.25,1.50
2011.06.01 10:09:09.166,1.39283,1.39306,2.25,1.50
2011.06.01 10:09:09.735,1.39282,1.39306,2.25,1.50
2011.06.01 10:09:10.745,1.39282,1.39307,2.25,1.50
2011.06.01 10:09:11.295,1.39282,1.39307,2.25,1.50
2011.06.01 10:09:14.345,1.39277,1.39306,1.50,1.50
2011.06.01 10:09:14.458,1.39277,1.39306,1.50,1.50
2011.06.01 10:09:14.795,1.39277,1.39306,1.50,1.50
2011.06.01 10:09:14.905,1.39277,1.39306,1.50,2.25
2011.06.01 10:09:15.612,1.39277,1.39307,3.75,1.50
2011.06.01 10:09:16.384,1.39279,1.39306,2.25,1.50
2011.06.01 10:09:16.717,1.39282,1.39306,2.25,1.50
2011.06.01 10:09:17.379,1.3928,1.39306,2.25,1.50
2011.06.01 10:09:17.610,1.39278,1.39307,2.25,1.50
2011.06.01 10:09:17.728,1.39278,1.39304,2.25,1.50
2011.06.01 10:09:17.846,1.39277,1.39307,1.50,1.50
2011.06.01 10:09:18.066,1.39273,1.39304,2.25,1.50
2011.06.01 10:09:18.174,1.39276,1.39307,1.50,2.25
2011.06.01 10:09:20.467,1.39273,1.39304,2.25,1.50
2011.06.01 10:09:21.658,1.39278,1.39304,2.25,1.50
2011.06.01 10:09:21.767,1.39274,1.39304,2.25,1.50
2011.06.01 10:09:22.235,1.39276,1.39304,2.25,1.50
2011.06.01 10:09:22.758,1.39277,1.39304,2.25,1.50
2011.06.01 10:09:23.336,1.39275,1.39304,2.25,1.50
2011.06.01 10:09:23.884,1.39274,1.39304,2.25,2.25
2011.06.01 10:09:24.104,1.39274,1.39304,2.25,3.00
2011.06.01 10:09:29.297,1.39273,1.39304,2.25,3.00
2011.06.01 10:09:29.626,1.39275,1.39304,2.25,2.25
2011.06.01 10:09:29.734,1.39275,1.39304,2.25,2.25
2011.06.01 10:09:30.288,1.39274,1.39304,2.25,1.50
2011.06.01 10:09:30.605,1.39274,1.39304,2.25,2.25
2011.06.01 10:09:31.156,1.39274,1.39304,2.25,2.25
2011.06.01 10:09:31.927,1.3927,1.39298,2.25,1.50
2011.06.01 10:09:32.475,1.39271,1.39298,2.25,1.50
2011.06.01 10:09:33.817,1.39274,1.39302,2.25,1.13
2011.06.01 10:09:33.927,1.39274,1.39302,2.25,1.13
2011.06.01 10:09:40.894,1.39273,1.39302,2.25,1.13
2011.06.01 10:09:41.409,1.39274,1.39302,2.25,1.13
2011.06.01 10:09:45.734,1.39274,1.39301,2.25,1.13
2011.06.01 10:09:46.064,1.39271,1.39302,3.75,1.13
2011.06.01 10:09:49.066,1.39269,1.39302,1.84,1.13
2011.06.01 10:09:49.284,1.39269,1.39302,1.84,1.13
2011.06.01 10:09:49.405,1.39269,1.39302,1.84,1.13
2011.06.01 10:09:50.047,1.39266,1.39301,2.25,1.13
2011.06.01 10:09:50.160,1.39266,1.39301,2.25,1.13
2011.06.01 10:09:50.277,1.39266,1.39304,2.25,3.75
2011.06.01 10:09:50.605,1.39266,1.39304,2.25,4.50
2011.06.01 10:09:50.824,1.39266,1.39304,2.25,3.75
2011.06.01 10:09:51.154,1.39261,1.39293,1.84,1.50
2011.06.01 10:09:53.050,1.39261,1.39293,1.84,1.50
2011.06.01 10:09:55.286,1.39261,1.39293,1.84,1.50
2011.06.01 10:09:55.620,1.39257,1.39293,3.00,1.88
2011.06.01 10:09:56.067,1.39251,1.39283,1.50,1.50
2011.06.01 10:09:57.830,1.3925,1.39283,1.09,1.50
2011.06.01 10:09:57.946,1.3925,1.39283,1.09,1.50
2011.06.01 10:09:59.464,1.3925,1.39283,1.09,1.50
2011.06.01 10:09:59.686,1.3925,1.39283,1.09,1.50
2011.06.01 10:09:59.967,1.3925,1.39283,1.09,1.50
2011.06.01 10:10:00.297,1.39251,1.39283,1.50,1.50
2011.06.01 10:10:01.192,1.39251,1.39283,1.50,1.50
2011.06.01 10:10:01.526,1.39258,1.39294,1.50,2.63
2011.06.01 10:10:01.856,1.39262,1.39294,1.50,1.88
2011.06.01 10:10:02.187,1.39262,1.39294,1.50,1.88
2011.06.01 10:10:03.217,1.39262,1.39294,1.50,1.88
2011.06.01 10:10:04.285,1.39266,1.39294,3.00,1.88
2011.06.01 10:10:06.307,1.39263,1.39294,1.50,1.50
2011.06.01 10:10:07.226,1.39265,1.39294,3.00,1.50
2011.06.01 10:10:08.136,1.39268,1.39294,1.50,1.50
2011.06.01 10:10:08.245,1.39268,1.39303,1.50,3.90
2011.06.01 10:10:08.964,1.39268,1.39303,1.50,3.15
2011.06.01 10:10:09.068,1.39272,1.39303,1.50,2.25
2011.06.01 10:10:09.615,1.39267,1.39303,4.09,2.25
2011.06.01 10:10:09.725,1.39267,1.39303,2.59,2.25
2011.06.01 10:10:09.836,1.39274,1.39303,2.25,2.25
2011.06.01 10:10:10.276,1.39271,1.39302,3.00,1.50
2011.06.01 10:10:10.605,1.39267,1.39302,2.25,1.50
2011.06.01 10:10:10.714,1.39267,1.39302,2.25,1.50
2011.06.01 10:10:11.033,1.39265,1.39293,3.00,1.50
2011.06.01 10:10:11.906,1.39266,1.39302,2.25,1.50
2011.06.01 10:10:12.346,1.39269,1.39303,3.00,1.09
2011.06.01 10:10:13.256,1.39274,1.39303,2.25,1.09
2011.06.01 10:10:13.480,1.39272,1.39304,2.25,3.00
2011.06.01 10:10:13.596,1.39272,1.39304,2.25,1.50
2011.06.01 10:10:13.710,1.39272,1.39306,2.25,3.00
2011.06.01 10:10:14.049,1.39273,1.39306,5.25,2.25
2011.06.01 10:10:14.386,1.39277,1.39306,2.25,1.50
2011.06.01 10:10:14.715,1.39277,1.39307,2.25,1.50
2011.06.01 10:10:15.506,1.39277,1.39307,2.25,1.50
2011.06.01 10:10:16.466,1.39277,1.39307,2.59,1.50
2011.06.01 10:10:17.255,1.39277,1.39307,2.59,1.50
2011.06.01 10:10:17.849,1.39277,1.39307,2.59,1.50
2011.06.01 10:10:18.375,1.39277,1.39306,2.59,1.50
2011.06.01 10:10:19.057,1.39277,1.39306,1.84,1.50
2011.06.01 10:10:19.662,1.39277,1.39307,1.84,1.50
2011.06.01 10:10:19.888,1.39277,1.39307,2.59,1.50
2011.06.01 10:10:20.216,1.39277,1.39307,2.59,1.50
2011.06.01 10:10:20.968,1.39277,1.39307,2.59,1.50
2011.06.01 10:10:23.006,1.39277,1.39306,2.59,1.50
2011.06.01 10:10:23.653,1.39277,1.39307,2.25,1.50
2011.06.01 10:10:23.774,1.39277,1.39307,2.25,2.25
2011.06.01 10:10:23.885,1.39269,1.39304,1.09,1.50
2011.06.01 10:10:24.280,1.39269,1.39304,1.09,1.50
2011.06.01 10:10:30.385,1.39269,1.39304,1.09,1.50
2011.06.01 10:10:33.485,1.39277,1.39304,3.00,1.50
2011.06.01 10:10:33.885,1.39277,1.39304,3.00,1.50
2011.06.01 10:10:34.434,1.39277,1.39306,2.25,1.50
2011.06.01 10:10:36.886,1.39277,1.39307,2.25,1.50
2011.06.01 10:10:37.545,1.39277,1.39307,2.25,1.50
2011.06.01 10:10:38.547,1.39277,1.39306,2.25,1.50
2011.06.01 10:10:39.300,1.39266,1.39295,1.50,2.40
2011.06.01 10:10:39.527,1.39256,1.39288,2.25,1.09
2011.06.01 10:10:39.748,1.39247,1.39286,3.75,1.47
2011.06.01 10:10:39.859,1.39247,1.39284,1.50,1.50
2011.06.01 10:10:40.195,1.39246,1.39284,3.00,1.50
2011.06.01 10:10:40.745,1.39251,1.39284,1.09,1.50
2011.06.01 10:10:41.075,1.39254,1.39284,1.50,1.50
2011.06.01 10:10:41.407,1.39258,1.39294,1.09,1.50
2011.06.01 10:10:41.955,1.39258,1.39294,1.09,1.50
2011.06.01 10:10:44.086,1.39267,1.39303,1.09,3.90
2011.06.01 10:10:44.197,1.39263,1.39303,1.50,4.24
2011.06.01 10:10:44.305,1.39259,1.39303,1.09,4.24
2011.06.01 10:10:44.526,1.39267,1.39301,1.50,1.50
2011.06.01 10:10:44.855,1.39262,1.39293,1.50,1.50
2011.06.01 10:10:48.248,1.39259,1.39293,1.84,1.50
2011.06.01 10:10:53.536,1.39259,1.39293,1.09,1.50
2011.06.01 10:10:54.906,1.3926,1.39283,1.50,2.25
2011.06.01 10:10:55.239,1.39254,1.39279,1.50,2.25
2011.06.01 10:10:55.468,1.39249,1.39274,1.50,1.50
2011.06.01 10:10:56.517,1.39247,1.39275,2.25,2.25
2011.06.01 10:10:57.067,1.39247,1.39283,2.25,2.25
2011.06.01 10:10:57.505,1.39247,1.39282,2.25,1.50
2011.06.01 10:10:58.025,1.39247,1.39282,2.25,1.50
2011.06.01 10:10:58.396,1.39247,1.39282,2.25,1.50
2011.06.01 10:11:00.536,1.39247,1.39283,2.25,2.25
2011.06.01 10:11:03.505,1.39247,1.39283,2.25,2.25
2011.06.01 10:11:07.024,1.39247,1.39283,2.25,2.25
2011.06.01 10:11:09.885,1.39247,1.39283,2.25,2.25
2011.06.01 10:11:14.206,1.39246,1.39284,2.25,3.75
2011.06.01 10:11:17.945,1.39246,1.39284,2.25,3.75
2011.06.01 10:11:18.056,1.39246,1.39284,2.25,3.75
2011.06.01 10:11:18.275,1.39246,1.39284,2.25,3.75
2011.06.01 10:11:20.775,1.39246,1.39284,2.25,3.75
2011.06.01 10:11:21.682,1.39246,1.39277,2.25,2.25
2011.06.01 10:11:23.446,1.39246,1.39284,2.25,4.65
2011.06.01 10:11:24.297,1.39246,1.39284,2.25,4.65
2011.06.01 10:11:25.625,1.39246,1.39284,2.25,4.65
2011.06.01 10:11:27.379,1.39246,1.39284,2.25,4.65
2011.06.01 10:11:31.685,1.39246,1.39284,2.25,3.90
2011.06.01 10:11:31.904,1.39246,1.39284,2.25,3.90
2011.06.01 10:11:32.585,1.39243,1.39274,1.09,1.50
2011.06.01 10:11:32.697,1.39243,1.39274,1.09,1.50
2011.06.01 10:11:33.356,1.39236,1.39274,3.00,3.75
2011.06.01 10:11:34.068,1.39236,1.39274,3.00,3.75
2011.06.01 10:11:34.405,1.39236,1.39274,3.75,3.75
2011.06.01 10:11:34.636,1.39236,1.39274,3.75,3.75
2011.06.01 10:11:35.609,1.39237,1.39274,1.50,2.25
2011.06.01 10:11:35.946,1.39236,1.39274,2.25,2.59
2011.06.01 10:11:36.600,1.39236,1.39271,2.25,1.09
2011.06.01 10:11:37.536,1.39238,1.39274,1.09,2.25
2011.06.01 10:11:37.922,1.39246,1.39276,1.50,1.65
2011.06.01 10:11:38.156,1.39238,1.39274,1.09,2.25
2011.06.01 10:11:38.704,1.39236,1.39274,2.25,3.00
2011.06.01 10:11:40.906,1.39236,1.39274,2.25,2.25
2011.06.01 10:11:42.556,1.39236,1.39274,2.25,2.25
2011.06.01 10:11:43.325,1.39236,1.39274,2.25,2.25
2011.06.01 10:11:43.765,1.39236,1.39274,2.25,3.00
2011.06.01 10:11:43.985,1.39236,1.39273,2.25,1.65
2011.06.01 10:11:47.344,1.39236,1.39273,2.25,1.65
2011.06.01 10:11:47.567,1.39227,1.39263,2.25,1.50
2011.06.01 10:11:47.788,1.39227,1.39263,2.25,1.50
2011.06.01 10:11:48.346,1.39227,1.39263,2.25,1.50
2011.06.01 10:11:49.005,1.39227,1.39263,2.25,1.50
2011.06.01 10:11:52.994,1.39236,1.39263,1.50,1.50
2011.06.01 10:11:53.105,1.39236,1.39274,3.00,1.50
2011.06.01 10:11:55.765,1.39237,1.39274,1.50,1.50
2011.06.01 10:11:56.098,1.39241,1.39274,1.50,1.50
2011.06.01 10:11:56.436,1.39241,1.39274,2.85,1.50
2011.06.01 10:11:56.656,1.39246,1.39284,2.25,1.99
2011.06.01 10:11:56.988,1.39243,1.39283,1.50,1.99
2011.06.01 10:11:57.107,1.39238,1.39278,1.50,1.09
2011.06.01 10:11:57.216,1.39238,1.39283,1.50,2.74
2011.06.01 10:11:57.435,1.39238,1.39283,1.50,2.74
2011.06.01 10:11:59.276,1.39246,1.39282,2.25,1.09
2011.06.01 10:11:59.828,1.39241,1.39273,1.50,1.50
2011.06.01 10:12:02.909,1.39237,1.39273,3.00,1.50
2011.06.01 10:12:04.120,1.39238,1.39273,1.50,1.50
2011.06.01 10:12:04.846,1.39246,1.39277,2.25,1.50
2011.06.01 10:12:05.285,1.39246,1.39277,2.25,1.50
2011.06.01 10:12:05.915,1.39246,1.39276,2.25,1.50
2011.06.01 10:12:06.668,1.39246,1.39276,2.25,1.50
2011.06.01 10:12:07.398,1.39246,1.39277,2.25,1.50
2011.06.01 10:12:07.516,1.39246,1.39277,2.25,1.50
2011.06.01 10:12:07.845,1.39246,1.39277,2.25,1.50
2011.06.01 10:12:10.396,1.3927,1.39294,1.09,2.25
2011.06.01 10:12:10.515,1.3927,1.39304,1.09,1.50
2011.06.01 10:12:10.627,1.3927,1.39303,1.09,2.25
2011.06.01 10:12:10.848,1.39273,1.3931,1.50,1.50
2011.06.01 10:12:10.957,1.39273,1.39313,1.50,2.40
2011.06.01 10:12:11.067,1.39273,1.39313,2.25,2.25
2011.06.01 10:12:12.126,1.39276,1.39314,2.25,3.00
2011.06.01 10:12:12.675,1.39277,1.39314,2.25,1.50
2011.06.01 10:12:12.895,1.39279,1.39314,1.09,1.50
2011.06.01 10:12:14.377,1.39279,1.39314,1.09,1.50
2011.06.01 10:12:15.856,1.39279,1.39314,1.09,1.50
2011.06.01 10:12:15.965,1.39279,1.39314,1.09,1.50
2011.06.01 10:12:16.366,1.39279,1.39314,1.09,2.25
2011.06.01 10:12:17.168,1.39279,1.39314,1.09,2.25
2011.06.01 10:12:18.365,1.39279,1.39314,1.09,2.40
2011.06.01 10:12:18.586,1.39279,1.39314,1.09,2.40
2011.06.01 10:12:18.805,1.39279,1.39314,1.09,2.40
2011.06.01 10:12:19.396,1.39279,1.39314,1.09,2.40
2011.06.01 10:12:20.458,1.39276,1.39314,2.25,1.65
2011.06.01 10:12:20.784,1.39276,1.39314,2.25,1.65
2011.06.01 10:12:23.957,1.39276,1.39314,2.25,2.40
2011.06.01 10:12:24.067,1.39276,1.39314,2.25,2.40
2011.06.01 10:12:24.398,1.39276,1.39314,2.25,2.40
2011.06.01 10:12:25.926,1.39276,1.39312,2.25,1.65
2011.06.01 10:12:26.512,1.39276,1.39312,2.25,1.65
2011.06.01 10:12:27.646,1.39276,1.39313,2.25,1.65
2011.06.01 10:12:27.755,1.39276,1.39313,2.25,1.65
2011.06.01 10:12:27.865,1.39276,1.39313,2.25,1.65
2011.06.01 10:12:33.656,1.39276,1.3931,2.25,2.25
2011.06.01 10:12:33.765,1.39276,1.3931,2.25,2.25
2011.06.01 10:12:33.926,1.39276,1.3931,2.25,2.25
2011.06.01 10:12:35.497,1.39276,1.39309,2.25,1.50
2011.06.01 10:12:36.387,1.39276,1.39309,2.25,1.50
2011.06.01 10:12:39.965,1.39276,1.39311,2.25,3.00
2011.06.01 10:12:41.328,1.39276,1.39314,2.25,2.25
2011.06.01 10:12:42.956,1.39276,1.39314,2.25,2.25
2011.06.01 10:12:43.935,1.39276,1.39314,2.25,2.25
2011.06.01 10:12:45.149,1.39278,1.39314,1.09,2.25
2011.06.01 10:12:45.885,1.39278,1.39314,1.09,2.25
2011.06.01 10:12:46.106,1.39282,1.39314,1.50,1.50
2011.06.01 10:12:48.219,1.3928,1.39313,1.50,1.50
2011.06.01 10:12:49.315,1.3928,1.39313,1.50,1.50
2011.06.01 10:12:52.134,1.3928,1.39313,1.50,1.50
2011.06.01 10:12:52.505,1.3928,1.39313,1.50,1.50
2011.06.01 10:12:52.955,1.3928,1.39313,1.50,1.50
2011.06.01 10:12:53.528,1.39281,1.39313,1.50,1.50
2011.06.01 10:12:54.198,1.3928,1.39313,1.50,1.50
2011.06.01 10:12:54.309,1.39286,1.39322,2.25,1.50
2011.06.01 10:12:55.117,1.39286,1.39322,2.25,1.50
2011.06.01 10:12:55.661,1.3928,1.39313,1.50,1.50
2011.06.01 10:12:56.468,1.39277,1.39313,2.25,1.50
2011.06.01 10:12:56.688,1.39277,1.39313,2.25,2.25
2011.06.01 10:12:57.855,1.39277,1.39313,2.25,2.25
2011.06.01 10:12:58.407,1.39281,1.39313,1.13,1.50
2011.06.01 10:12:58.735,1.39277,1.39313,2.25,2.25
2011.06.01 10:12:59.176,1.39277,1.39313,2.25,2.25
2011.06.01 10:12:59.915,1.39277,1.39313,2.25,2.25
2011.06.01 10:13:00.346,1.39277,1.39313,2.25,2.25
2011.06.01 10:13:01.348,1.39277,1.39313,2.25,2.25
2011.06.01 10:13:02.225,1.39277,1.39313,2.25,2.25
2011.06.01 10:13:02.775,1.39277,1.39313,2.25,2.25
2011.06.01 10:13:02.885,1.39277,1.39313,2.25,3.00
2011.06.01 10:13:04.674,1.39277,1.39313,2.25,2.25
2011.06.01 10:13:04.785,1.39277,1.39313,2.25,2.25
2011.06.01 10:13:05.817,1.39277,1.39313,1.50,3.00
2011.06.01 10:13:06.039,1.39277,1.39308,2.25,1.84
2011.06.01 10:13:06.268,1.39277,1.39307,1.50,1.09
2011.06.01 10:13:08.561,1.39277,1.39307,1.50,1.09
2011.06.01 10:13:10.655,1.39277,1.39307,1.50,1.09
2011.06.01 10:13:13.165,1.39276,1.39307,1.50,1.09
2011.06.01 10:13:14.266,1.39268,1.39303,1.50,2.25
2011.06.01 10:13:20.476,1.39276,1.39314,1.50,2.40
2011.06.01 10:13:31.168,1.39271,1.39303,1.09,1.50
2011.06.01 10:13:34.499,1.39268,1.39303,1.50,2.25
2011.06.01 10:13:34.618,1.39268,1.39303,1.50,2.25
2011.06.01 10:13:35.176,1.39268,1.39303,1.50,2.25
2011.06.01 10:13:35.398,1.39268,1.39303,1.50,2.25
2011.06.01 10:13:36.324,1.39267,1.39303,2.25,2.25
2011.06.01 10:13:36.883,1.39267,1.39303,2.25,2.25
2011.06.01 10:13:37.438,1.39267,1.39303,2.25,2.25
2011.06.01 10:13:37.560,1.39267,1.39303,2.25,2.25
2011.06.01 10:13:38.018,1.39267,1.39303,2.25,2.25
2011.06.01 10:13:38.356,1.39277,1.39308,2.25,1.24
2011.06.01 10:13:38.867,1.39277,1.39306,1.50,1.50
2011.06.01 10:13:39.486,1.39277,1.39308,2.25,1.09
2011.06.01 10:13:40.428,1.39277,1.39308,1.50,1.09
2011.06.01 10:13:40.757,1.39266,1.39304,2.25,2.25
2011.06.01 10:13:41.195,1.39266,1.39304,2.25,2.25
2011.06.01 10:13:41.638,1.39266,1.39304,2.25,2.25
2011.06.01 10:13:41.746,1.39266,1.39304,2.25,2.25
2011.06.01 10:13:44.097,1.39266,1.39304,2.25,2.25
2011.06.01 10:13:44.427,1.39272,1.39304,1.50,1.50
2011.06.01 10:13:44.978,1.39272,1.39304,1.50,2.25
2011.06.01 10:13:46.081,1.39266,1.39304,3.00,2.25
2011.06.01 10:13:46.635,1.39269,1.39304,3.00,2.25
2011.06.01 10:13:47.436,1.39271,1.39304,1.50,2.25
2011.06.01 10:13:48.087,1.39271,1.39304,3.75,2.25
2011.06.01 10:13:48.637,1.39271,1.39304,3.75,2.25
2011.06.01 10:13:51.475,1.39267,1.39304,1.50,2.25
2011.06.01 10:13:51.985,1.39267,1.39304,1.50,2.25
2011.06.01 10:13:53.339,1.39272,1.39304,1.50,1.50
2011.06.01 10:13:53.456,1.39272,1.39304,1.50,1.50
2011.06.01 10:13:53.786,1.39272,1.39304,1.50,1.50
2011.06.01 10:13:54.005,1.39272,1.39304,1.50,1.50
2011.06.01 10:13:54.445,1.39266,1.39304,3.00,2.25
2011.06.01 10:13:56.039,1.39266,1.39304,3.75,1.50
2011.06.01 10:13:58.166,1.39273,1.39304,1.50,1.50
2011.06.01 10:13:59.005,1.39273,1.39304,1.50,1.50
2011.06.01 10:14:00.630,1.39273,1.39304,1.50,1.50
2011.06.01 10:14:00.968,1.39272,1.39304,1.09,1.50
2011.06.01 10:14:01.295,1.39272,1.39304,1.09,1.50
2011.06.01 10:14:01.957,1.39276,1.39314,2.25,2.25
2011.06.01 10:14:02.177,1.39282,1.39313,1.09,2.25
2011.06.01 10:14:02.287,1.39282,1.39319,1.09,1.13
2011.06.01 10:14:02.397,1.39282,1.39319,1.09,1.13
2011.06.01 10:14:02.507,1.39282,1.39321,1.47,3.00
2011.06.01 10:14:02.728,1.39282,1.39311,1.13,1.84
2011.06.01 10:14:02.838,1.39277,1.39304,1.50,1.84
2011.06.01 10:14:02.958,1.39268,1.39303,1.50,2.25
2011.06.01 10:14:03.559,1.39267,1.39303,2.25,2.25
2011.06.01 10:14:03.675,1.39256,1.39293,2.25,2.59
2011.06.01 10:14:04.006,1.39256,1.39294,2.25,1.84
2011.06.01 10:14:04.448,1.39257,1.39294,1.09,1.50
2011.06.01 10:14:04.787,1.39259,1.39294,3.00,1.50
2011.06.01 10:14:06.626,1.39259,1.39294,1.50,1.50
2011.06.01 10:14:08.397,1.39266,1.39303,2.25,1.09
2011.06.01 10:14:10.836,1.39266,1.39303,2.25,1.09
2011.06.01 10:14:11.058,1.39266,1.39303,2.25,1.09
2011.06.01 10:14:11.180,1.39267,1.39294,1.09,1.50
2011.06.01 10:14:11.519,1.39267,1.39303,1.84,3.00
2011.06.01 10:14:11.627,1.39267,1.39294,1.09,1.50
2011.06.01 10:14:11.737,1.39267,1.39294,1.09,1.50
2011.06.01 10:14:11.845,1.39267,1.39303,2.59,2.25
2011.06.01 10:14:12.648,1.39267,1.39303,2.59,2.25
2011.06.01 10:14:12.867,1.39277,1.39306,2.25,1.50
2011.06.01 10:14:13.086,1.39269,1.39303,1.50,1.50
2011.06.01 10:14:13.306,1.39267,1.39302,1.50,1.50
2011.06.01 10:14:13.527,1.3927,1.39302,3.00,1.50
2011.06.01 10:14:13.636,1.39267,1.39302,2.25,1.50
2011.06.01 10:14:13.857,1.39261,1.39293,1.50,1.50
2011.06.01 10:14:14.485,1.39258,1.39293,1.50,2.25
2011.06.01 10:14:15.036,1.39259,1.39293,3.00,2.25
2011.06.01 10:14:15.146,1.39259,1.39293,3.00,2.25
2011.06.01 10:14:15.587,1.39259,1.39293,2.25,3.00
2011.06.01 10:14:16.136,1.39259,1.39293,3.00,3.00
2011.06.01 10:14:17.748,1.3926,1.39293,3.00,2.25
2011.06.01 10:14:17.966,1.39263,1.39293,3.00,2.25
2011.06.01 10:14:18.296,1.39258,1.39293,3.00,2.25
2011.06.01 10:14:18.517,1.39257,1.3929,2.25,1.50
2011.06.01 10:14:19.646,1.39258,1.3929,3.00,1.50
2011.06.01 10:14:20.988,1.39258,1.39293,3.00,3.00
2011.06.01 10:14:21.805,1.39257,1.3929,2.25,1.50
2011.06.01 10:14:21.917,1.39257,1.39287,2.25,1.50
2011.06.01 10:14:22.137,1.3925,1.39282,1.50,1.50
2011.06.01 10:14:22.355,1.39247,1.39282,3.00,1.50
2011.06.01 10:14:24.836,1.39247,1.39282,3.00,1.50
2011.06.01 10:14:25.818,1.39247,1.39282,2.25,1.50
2011.06.01 10:14:26.146,1.39247,1.39281,2.25,1.50
2011.06.01 10:14:26.665,1.39247,1.39281,2.25,1.50
2011.06.01 10:14:27.017,1.39247,1.39281,2.25,1.50
2011.06.01 10:14:28.164,1.39243,1.39274,3.34,3.00
2011.06.01 10:14:28.284,1.39236,1.39274,2.25,3.00
2011.06.01 10:14:28.396,1.39236,1.39274,2.25,3.00
2011.06.01 10:14:28.507,1.39236,1.39274,2.25,3.00
2011.06.01 10:14:29.887,1.39236,1.39274,2.25,3.75
2011.06.01 10:14:30.609,1.39239,1.39274,1.50,3.00
2011.06.01 10:14:30.939,1.39252,1.39284,2.10,2.25
2011.06.01 10:14:31.267,1.39257,1.39287,1.09,1.50
2011.06.01 10:14:31.596,1.39264,1.39287,2.25,2.25
2011.06.01 10:14:32.768,1.39268,1.39287,2.25,1.50
2011.06.01 10:14:32.877,1.39264,1.3929,1.09,1.50
2011.06.01 10:14:33.208,1.39266,1.39291,2.25,1.50
2011.06.01 10:14:33.426,1.39266,1.39294,2.25,1.50
2011.06.01 10:14:33.646,1.39266,1.39294,2.25,1.50
2011.06.01 10:14:34.935,1.39266,1.39294,1.50,1.50
2011.06.01 10:14:36.206,1.39266,1.39294,2.25,1.50
2011.06.01 10:14:36.537,1.39269,1.39294,2.25,1.50
2011.06.01 10:14:37.388,1.3927,1.39294,3.00,1.50
2011.06.01 10:14:37.715,1.39274,1.39295,2.25,1.50
2011.06.01 10:14:38.517,1.39273,1.39295,2.25,1.50
2011.06.01 10:14:38.846,1.39275,1.39295,2.25,1.50
2011.06.01 10:14:39.176,1.39275,1.39298,2.25,1.50
2011.06.01 10:14:39.857,1.39275,1.39298,2.25,1.50
2011.06.01 10:14:40.297,1.39271,1.39298,1.09,1.50
2011.06.01 10:14:41.757,1.39271,1.39298,1.09,1.50
2011.06.01 10:14:44.176,1.39266,1.39298,1.50,1.50
2011.06.01 10:14:44.397,1.39266,1.39296,1.50,1.09
2011.06.01 10:14:47.236,1.39266,1.39297,1.50,1.50
2011.06.01 10:14:47.348,1.39266,1.39299,2.25,1.50
2011.06.01 10:14:47.456,1.39266,1.39301,2.25,1.50
2011.06.01 10:14:49.336,1.39266,1.39302,2.25,1.50
2011.06.01 10:14:49.556,1.39266,1.39302,2.25,1.50
2011.06.01 10:14:49.885,1.39266,1.39302,2.25,1.50
2011.06.01 10:14:50.216,1.39266,1.393,2.25,1.50
2011.06.01 10:14:50.546,1.39266,1.39297,2.25,1.50
2011.06.01 10:14:51.146,1.39266,1.39297,2.25,1.50
2011.06.01 10:14:51.258,1.39266,1.39297,2.25,1.50
2011.06.01 10:14:51.944,1.39267,1.39297,1.09,1.50
2011.06.01 10:14:52.497,1.39269,1.39297,1.50,1.50
2011.06.01 10:14:53.297,1.39269,1.39304,1.50,2.25
2011.06.01 10:14:53.407,1.39269,1.39304,1.50,1.50
2011.06.01 10:14:55.448,1.39269,1.39304,1.50,1.50
2011.06.01 10:14:56.018,1.39278,1.39307,2.10,1.50
2011.06.01 10:14:56.236,1.39277,1.39309,2.25,1.50
2011.06.01 10:14:56.946,1.3928,1.39309,2.10,1.50
2011.06.01 10:14:57.085,1.39279,1.39309,1.50,1.50
2011.06.01 10:14:57.196,1.39279,1.39309,1.50,1.50
2011.06.01 10:14:57.636,1.39279,1.39313,1.50,1.50
2011.06.01 10:14:57.966,1.39285,1.39313,1.09,1.50
2011.06.01 10:14:58.075,1.39286,1.39321,2.25,2.25
2011.06.01 10:14:59.088,1.39286,1.39321,2.25,1.50
2011.06.01 10:15:00.240,1.39286,1.39321,2.25,1.50
2011.06.01 10:15:00.577,1.39286,1.39319,2.25,1.50
2011.06.01 10:15:01.167,1.39286,1.39316,2.25,1.50
2011.06.01 10:15:01.506,1.39286,1.39316,2.25,1.50
2011.06.01 10:15:03.601,1.39289,1.39324,1.13,2.25
2011.06.01 10:15:03.719,1.39295,1.39324,2.10,1.50
2011.06.01 10:15:04.057,1.39298,1.39333,1.50,2.25
2011.06.01 10:15:04.389,1.39302,1.39334,2.10,3.00
2011.06.01 10:15:04.728,1.39302,1.39334,1.50,2.25
2011.06.01 10:15:04.842,1.39303,1.39334,1.50,1.50
2011.06.01 10:15:04.959,1.39306,1.39341,2.25,1.09
2011.06.01 10:15:05.506,1.39306,1.39341,2.25,1.09
2011.06.01 10:15:06.076,1.39306,1.39341,2.25,1.09
2011.06.01 10:15:06.926,1.39306,1.39341,2.25,1.09
2011.06.01 10:15:07.037,1.39306,1.39331,2.25,1.50
2011.06.01 10:15:07.724,1.39299,1.39334,1.50,1.50
2011.06.01 10:15:07.838,1.39299,1.39334,1.50,3.00
2011.06.01 10:15:07.949,1.39299,1.39334,1.50,3.00
2011.06.01 10:15:08.676,1.39299,1.39334,1.50,3.00
2011.06.01 10:15:09.007,1.39299,1.39327,1.50,1.50
2011.06.01 10:15:09.227,1.39297,1.39326,1.09,1.50
2011.06.01 10:15:09.446,1.39297,1.39333,1.09,1.50
2011.06.01 10:15:09.556,1.39297,1.39334,1.09,3.00
2011.06.01 10:15:09.777,1.39297,1.39334,1.09,3.75
2011.06.01 10:15:10.753,1.39297,1.39334,1.09,3.75
2011.06.01 10:15:15.068,1.39297,1.39334,1.09,2.25
2011.06.01 10:15:15.396,1.39306,1.39335,1.50,2.25
2011.06.01 10:15:15.867,1.39306,1.39334,1.50,1.50
2011.06.01 10:15:17.017,1.39306,1.39334,1.50,1.50
2011.06.01 10:15:17.347,1.39296,1.39334,1.84,1.50
2011.06.01 10:15:17.786,1.39289,1.39328,1.50,1.50
2011.06.01 10:15:18.006,1.39286,1.39327,2.25,1.09
2011.06.01 10:15:19.406,1.39288,1.39323,2.25,1.50
2011.06.01 10:15:19.627,1.39286,1.39323,1.50,2.25
2011.06.01 10:15:19.850,1.39286,1.39322,1.50,1.65
2011.06.01 10:15:20.516,1.39286,1.39319,1.50,2.74
2011.06.01 10:15:20.848,1.39277,1.39313,2.25,1.50
2011.06.01 10:15:21.396,1.39277,1.39313,2.25,1.50
2011.06.01 10:15:22.181,1.39277,1.39311,1.50,1.09
2011.06.01 10:15:23.843,1.39286,1.39322,2.25,2.25
2011.06.01 10:15:24.397,1.39287,1.39324,1.09,2.63
2011.06.01 10:15:24.615,1.39287,1.39324,1.09,1.88
2011.06.01 10:15:26.137,1.39289,1.39324,1.50,1.50
2011.06.01 10:15:26.357,1.39288,1.39324,1.50,1.50
2011.06.01 10:15:26.797,1.39288,1.39324,1.50,1.50
2011.06.01 10:15:26.907,1.39288,1.39324,1.50,1.84
2011.06.01 10:15:28.821,1.39286,1.39324,3.00,1.84
2011.06.01 10:15:29.848,1.39287,1.39324,1.50,2.59
2011.06.01 10:15:30.179,1.39277,1.39313,1.50,2.10
2011.06.01 10:15:30.735,1.39276,1.39303,1.50,1.50
2011.06.01 10:15:30.846,1.39277,1.39313,2.25,1.50
2011.06.01 10:15:31.286,1.39277,1.39313,2.25,1.50
2011.06.01 10:15:36.036,1.39277,1.39313,2.25,1.50
2011.06.01 10:15:41.015,1.39277,1.39313,1.50,1.50
2011.06.01 10:15:42.885,1.39277,1.39313,1.88,1.50
2011.06.01 10:15:43.108,1.39289,1.39323,1.50,2.40
2011.06.01 10:15:43.438,1.39295,1.39333,2.59,2.25
2011.06.01 10:15:43.549,1.39296,1.39334,1.35,2.25
2011.06.01 10:15:43.658,1.39295,1.39334,3.00,2.25
2011.06.01 10:15:43.768,1.39295,1.39329,2.25,1.50
2011.06.01 10:15:43.876,1.39291,1.39329,2.25,1.50
2011.06.01 10:15:43.986,1.39291,1.39323,1.50,1.50
2011.06.01 10:15:44.317,1.39287,1.39323,3.00,1.50
2011.06.01 10:15:45.328,1.39293,1.39323,2.25,1.50
2011.06.01 10:15:45.548,1.3929,1.39323,2.25,1.50
2011.06.01 10:15:45.655,1.39287,1.39323,3.00,1.50
2011.06.01 10:15:46.209,1.39287,1.39323,1.50,1.50
2011.06.01 10:15:46.824,1.3929,1.39323,2.10,1.50
2011.06.01 10:15:47.486,1.39296,1.39332,1.50,1.50
2011.06.01 10:15:47.597,1.39296,1.39332,1.50,1.50
2011.06.01 10:15:47.926,1.39298,1.39332,2.25,1.50
2011.06.01 10:15:48.537,1.39296,1.39332,1.50,1.50
2011.06.01 10:15:49.116,1.39296,1.39334,1.50,2.40
2011.06.01 10:15:49.690,1.39296,1.39334,2.25,2.40
2011.06.01 10:15:52.415,1.39296,1.39334,2.25,2.40
2011.06.01 10:15:52.637,1.39299,1.39334,2.25,2.40
2011.06.01 10:15:52.747,1.39296,1.39334,2.25,2.40
2011.06.01 10:15:52.856,1.39299,1.39334,2.25,2.40
2011.06.01 10:15:53.345,1.39297,1.39334,1.35,2.40
2011.06.01 10:15:53.638,1.39297,1.39334,2.10,2.40
2011.06.01 10:15:54.822,1.39306,1.39339,1.09,1.50
2011.06.01 10:15:54.942,1.39308,1.39343,3.00,1.65
2011.06.01 10:15:55.057,1.39308,1.39343,2.25,3.15
2011.06.01 10:15:55.607,1.39307,1.39343,3.75,2.25
2011.06.01 10:15:55.826,1.39307,1.39343,3.75,2.59
2011.06.01 10:15:56.048,1.39307,1.39343,4.50,1.84
2011.06.01 10:15:56.266,1.39307,1.39343,2.25,2.59
2011.06.01 10:15:57.056,1.39307,1.39343,2.25,1.84
2011.06.01 10:15:58.707,1.39307,1.39343,2.25,2.59
2011.06.01 10:15:58.928,1.39307,1.39343,1.50,2.59
2011.06.01 10:15:59.256,1.39307,1.39343,1.50,2.59
2011.06.01 10:15:59.476,1.39307,1.39343,1.50,2.59
2011.06.01 10:16:03.927,1.39307,1.39343,2.25,2.59
2011.06.01 10:16:04.477,1.39307,1.39343,3.00,2.59
2011.06.01 10:16:05.025,1.39308,1.39343,1.50,1.84
2011.06.01 10:16:05.566,1.39309,1.39343,1.50,1.84
2011.06.01 10:16:05.896,1.39317,1.39346,1.50,1.09
2011.06.01 10:16:07.781,1.39309,1.39344,1.50,1.50
2011.06.01 10:16:08.006,1.39308,1.39344,3.75,2.25
2011.06.01 10:16:08.116,1.39308,1.39344,3.75,1.50
2011.06.01 10:16:08.508,1.39308,1.39344,3.75,2.25
2011.06.01 10:16:09.277,1.39306,1.39344,1.50,2.25
2011.06.01 10:16:09.717,1.39306,1.39344,2.25,2.25
2011.06.01 10:16:13.994,1.39306,1.39344,2.25,1.84
2011.06.01 10:16:14.326,1.39306,1.39344,2.25,1.84
2011.06.01 10:16:14.436,1.39306,1.39342,1.50,1.09
2011.06.01 10:16:14.656,1.39306,1.39343,2.25,1.09
2011.06.01 10:16:14.988,1.39306,1.39342,1.50,1.09
2011.06.01 10:16:15.366,1.39306,1.39342,2.25,1.09
2011.06.01 10:16:17.386,1.39306,1.39344,2.25,1.84
2011.06.01 10:16:17.607,1.39306,1.39344,2.25,2.59
2011.06.01 10:16:17.719,1.39319,1.39344,1.35,2.25
2011.06.01 10:16:18.057,1.39319,1.39343,2.10,1.50
2011.06.01 10:16:18.276,1.39321,1.3935,2.10,1.50
2011.06.01 10:16:18.848,1.39321,1.3935,2.10,1.50
2011.06.01 10:16:21.737,1.39324,1.3935,2.10,1.50
2011.06.01 10:16:24.156,1.39324,1.3935,2.10,1.50
2011.06.01 10:16:24.960,1.39325,1.3935,1.35,1.50
2011.06.01 10:16:25.407,1.39325,1.3935,2.10,1.50
2011.06.01 10:16:34.281,1.39326,1.3936,2.59,1.50
2011.06.01 10:16:34.509,1.39336,1.3936,1.50,1.50
2011.06.01 10:16:34.618,1.39336,1.39351,1.50,1.50
2011.06.01 10:16:34.727,1.39332,1.39351,3.00,1.50
2011.06.01 10:16:35.167,1.3933,1.39351,1.09,1.50
2011.06.01 10:16:35.977,1.39332,1.39351,2.25,1.50
2011.06.01 10:16:37.076,1.39337,1.39351,1.50,1.50
2011.06.01 10:16:38.596,1.39328,1.39346,1.13,1.50
2011.06.01 10:16:38.714,1.3933,1.39349,1.35,1.50
2011.06.01 10:16:39.448,1.39328,1.39353,1.13,1.50
2011.06.01 10:16:39.777,1.39337,1.39353,1.50,1.50
2011.06.01 10:16:40.219,1.39332,1.3935,1.09,1.50
2011.06.01 10:16:40.327,1.39332,1.39356,1.09,2.25
2011.06.01 10:16:40.547,1.39334,1.39356,3.00,1.50
2011.06.01 10:16:40.657,1.39334,1.39356,3.00,1.50
2011.06.01 10:16:41.246,1.39334,1.39356,2.25,1.50
2011.06.01 10:16:41.687,1.39332,1.39356,2.59,1.50
2011.06.01 10:16:42.018,1.39337,1.39361,1.84,2.25
2011.06.01 10:16:42.130,1.39338,1.39371,1.69,1.50
2011.06.01 10:16:42.249,1.39338,1.39371,2.44,1.50
2011.06.01 10:16:42.369,1.39347,1.39371,1.50,1.50
2011.06.01 10:16:47.965,1.39347,1.39365,2.25,1.50
2011.06.01 10:16:50.489,1.39347,1.39365,5.59,1.50
2011.06.01 10:16:50.709,1.39354,1.39386,1.69,2.25
2011.06.01 10:16:50.828,1.39357,1.39376,1.50,1.50
2011.06.01 10:16:51.047,1.39347,1.39376,1.50,1.50
2011.06.01 10:16:51.158,1.39347,1.39376,3.75,1.50
2011.06.01 10:16:51.267,1.39356,1.39376,1.84,1.50
2011.06.01 10:16:51.487,1.39366,1.39389,2.25,1.50
2011.06.01 10:16:51.708,1.39365,1.39386,2.25,1.50
2011.06.01 10:16:52.037,1.39357,1.3938,3.75,1.50
2011.06.01 10:16:52.881,1.39355,1.3938,2.25,2.25
2011.06.01 10:16:53.107,1.3936,1.3938,1.35,1.50
2011.06.01 10:16:53.619,1.39359,1.39382,2.25,1.50
2011.06.01 10:16:53.727,1.39359,1.39382,2.25,1.50
2011.06.01 10:16:53.946,1.39359,1.39381,2.25,1.50
2011.06.01 10:16:54.476,1.39358,1.39383,2.25,1.50
2011.06.01 10:16:55.026,1.39362,1.39383,2.25,1.50
2011.06.01 10:16:56.139,1.39367,1.39385,2.25,1.50
2011.06.01 10:16:56.257,1.39369,1.39392,2.25,1.50
2011.06.01 10:16:56.367,1.39369,1.39393,2.25,2.25
2011.06.01 10:16:56.479,1.39372,1.39393,2.25,2.25
2011.06.01 10:16:56.807,1.39369,1.39403,2.25,3.00
2011.06.01 10:16:57.643,1.39368,1.39403,1.84,2.25
2011.06.01 10:16:57.979,1.39371,1.39411,1.84,1.50
2011.06.01 10:16:58.208,1.39378,1.39412,1.69,1.50
2011.06.01 10:16:58.428,1.39377,1.39413,1.84,2.25
2011.06.01 10:16:59.308,1.39378,1.39413,2.59,2.40
2011.06.01 10:16:59.856,1.39377,1.3941,1.50,1.50
2011.06.01 10:17:00.436,1.39378,1.3941,2.25,1.50
2011.06.01 10:17:00.986,1.39377,1.39413,1.84,3.15
2011.06.01 10:17:01.095,1.39377,1.39413,1.84,3.15
2011.06.01 10:17:01.626,1.39377,1.39413,1.84,3.15
2011.06.01 10:17:01.957,1.39377,1.39412,1.84,1.50
2011.06.01 10:17:02.068,1.39377,1.39412,1.84,1.50
2011.06.01 10:17:03.567,1.39377,1.39413,1.84,3.15
2011.06.01 10:17:05.006,1.39381,1.39413,1.35,3.15
2011.06.01 10:17:05.226,1.39377,1.39413,1.84,3.15
2011.06.01 10:17:05.450,1.39379,1.39413,3.00,2.40
2011.06.01 10:17:05.787,1.39386,1.3942,1.50,2.40
2011.06.01 10:17:06.117,1.39386,1.3942,1.50,2.40
2011.06.01 10:17:06.817,1.39376,1.39414,2.59,2.25
2011.06.01 10:17:07.483,1.39376,1.39414,2.59,2.25
2011.06.01 10:17:09.596,1.39378,1.39414,2.25,2.25
2011.06.01 10:17:10.697,1.39378,1.39413,2.25,1.50
2011.06.01 10:17:10.807,1.39376,1.39413,1.84,1.50
2011.06.01 10:17:12.308,1.39372,1.39412,1.50,1.09
2011.06.01 10:17:12.417,1.39372,1.39412,1.50,1.09
2011.06.01 10:17:12.747,1.39376,1.39412,1.50,1.09
2011.06.01 10:17:13.077,1.39376,1.39412,1.50,1.84
2011.06.01 10:17:14.548,1.39369,1.39404,1.13,2.25
2011.06.01 10:17:14.877,1.39374,1.39404,2.25,2.25
2011.06.01 10:17:15.206,1.39377,1.39412,1.50,1.09
2011.06.01 10:17:16.196,1.39377,1.39412,1.50,1.09
2011.06.01 10:17:16.858,1.39377,1.39412,1.50,1.84
2011.06.01 10:17:17.076,1.39377,1.39412,1.50,1.09
2011.06.01 10:17:18.310,1.39377,1.39412,1.50,1.09
2011.06.01 10:17:18.847,1.39378,1.39413,1.69,2.25
2011.06.01 10:17:19.396,1.39377,1.39413,1.84,2.25
2011.06.01 10:17:20.167,1.39379,1.39413,1.35,2.25
2011.06.01 10:17:20.656,1.39377,1.39413,2.59,2.25
2011.06.01 10:17:21.857,1.39384,1.39413,1.35,1.50
2011.06.01 10:17:23.193,1.39386,1.3942,1.50,1.50
2011.06.01 10:17:23.526,1.39386,1.3942,2.25,1.50
2011.06.01 10:17:25.056,1.39386,1.39422,1.50,1.09
2011.06.01 10:17:25.635,1.39386,1.39422,1.50,1.09
2011.06.01 10:17:27.476,1.39386,1.39422,1.50,1.09
2011.06.01 10:17:30.576,1.39386,1.39419,2.85,1.50
2011.06.01 10:17:30.798,1.39381,1.39414,1.35,2.25
2011.06.01 10:17:30.907,1.39378,1.39414,2.59,2.25
2011.06.01 10:17:31.019,1.39377,1.39414,2.97,2.25
2011.06.01 10:17:31.247,1.39378,1.39414,1.09,2.25
2011.06.01 10:17:31.708,1.39378,1.39414,2.59,2.25
2011.06.01 10:17:32.148,1.39376,1.39414,4.32,2.25
2011.06.01 10:17:32.746,1.39376,1.39414,3.60,2.59
2011.06.01 10:17:33.185,1.39376,1.39413,1.50,1.50
2011.06.01 10:17:33.406,1.39377,1.39413,1.35,1.50
2011.06.01 10:17:33.847,1.39376,1.3941,1.50,1.50
2011.06.01 10:17:34.571,1.39376,1.3941,1.50,1.50
2011.06.01 10:17:34.690,1.39376,1.3941,1.50,1.50
2011.06.01 10:17:35.267,1.39376,1.3941,1.50,1.50
2011.06.01 10:17:35.487,1.3937,1.39404,3.94,2.25
2011.06.01 10:17:36.079,1.3937,1.39404,3.94,1.50
2011.06.01 10:17:36.186,1.3937,1.39404,3.94,2.25
2011.06.01 10:17:36.406,1.39371,1.39404,3.00,1.50
2011.06.01 10:17:36.737,1.39371,1.39404,3.00,2.25
2011.06.01 10:17:37.067,1.3937,1.39404,1.09,2.25
2011.06.01 10:17:37.289,1.39366,1.39404,3.34,2.25
2011.06.01 10:17:37.408,1.39366,1.39404,4.09,2.25
2011.06.01 10:17:38.451,1.39374,1.39404,3.60,2.25
2011.06.01 10:17:38.566,1.39374,1.39404,3.60,2.25
2011.06.01 10:17:39.098,1.39369,1.39404,1.69,2.25
2011.06.01 10:17:39.427,1.39367,1.39403,1.50,2.25
2011.06.01 10:17:41.626,1.39367,1.39403,1.50,2.25
2011.06.01 10:17:41.797,1.39365,1.39394,1.35,1.50
2011.06.01 10:17:42.346,1.39366,1.39394,1.35,1.50
2011.06.01 10:17:43.456,1.39367,1.39394,1.35,1.50
2011.06.01 10:17:44.039,1.39368,1.39397,1.35,1.09
2011.06.01 10:17:44.148,1.39364,1.39397,1.35,1.09
2011.06.01 10:17:44.880,1.39367,1.39393,1.35,2.25
2011.06.01 10:17:45.001,1.39363,1.39393,1.35,2.25
2011.06.01 10:17:45.427,1.39363,1.39393,2.10,2.25
2011.06.01 10:17:48.199,1.39361,1.39393,2.85,1.50
2011.06.01 10:17:57.696,1.39363,1.39391,2.10,1.50
2011.06.01 10:17:59.527,1.39364,1.39391,2.10,1.50
2011.06.01 10:17:59.636,1.39362,1.39391,2.10,1.50
2011.06.01 10:18:00.077,1.39363,1.3939,2.10,1.50
2011.06.01 10:18:00.186,1.39363,1.3939,1.35,1.50
2011.06.01 10:18:00.777,1.39362,1.3939,1.35,1.50
2011.06.01 10:18:01.206,1.39366,1.3939,1.50,1.50
2011.06.01 10:18:01.647,1.39366,1.39388,2.25,1.50
2011.06.01 10:18:04.180,1.39365,1.39387,1.35,1.50
2011.06.01 10:18:04.304,1.39362,1.39389,2.10,1.50
2011.06.01 10:18:04.787,1.39366,1.39389,1.50,1.50
2011.06.01 10:18:05.520,1.39366,1.39389,2.25,1.50
2011.06.01 10:18:06.077,1.39366,1.39387,2.85,1.50
2011.06.01 10:18:06.707,1.39367,1.39387,1.35,1.50
2011.06.01 10:18:07.487,1.39367,1.39394,1.35,2.25
2011.06.01 10:18:07.707,1.39361,1.39394,1.35,3.00
2011.06.01 10:18:09.176,1.39359,1.39391,1.09,1.50
2011.06.01 10:18:10.521,1.39358,1.39391,1.35,1.50
2011.06.01 10:18:10.630,1.39356,1.39388,3.60,1.50
2011.06.01 10:18:15.048,1.39356,1.39387,1.50,1.50
2011.06.01 10:18:16.204,1.39356,1.39388,1.50,1.50
2011.06.01 10:18:16.759,1.39356,1.39394,3.34,2.25
2011.06.01 10:18:16.877,1.39357,1.39393,1.84,2.25
2011.06.01 10:18:17.098,1.39369,1.39393,1.50,1.50
2011.06.01 10:18:17.209,1.39375,1.39404,1.35,2.40
2011.06.01 10:18:17.320,1.3937,1.39403,1.50,1.65
2011.06.01 10:18:17.440,1.39371,1.39403,1.09,1.50
2011.06.01 10:18:17.996,1.39376,1.39414,1.84,2.25
2011.06.01 10:18:18.108,1.39378,1.39414,1.35,2.25
2011.06.01 10:18:18.957,1.39378,1.39414,1.35,2.25
2011.06.01 10:18:20.184,1.39377,1.39407,2.44,2.25
2011.06.01 10:18:20.407,1.39377,1.39414,5.07,2.25
2011.06.01 10:18:20.626,1.39385,1.39414,1.35,2.25
2011.06.01 10:18:20.958,1.39385,1.39414,2.48,2.25
2011.06.01 10:18:21.069,1.39386,1.39421,5.59,1.65
2011.06.01 10:18:21.299,1.39392,1.39424,2.25,2.40
2011.06.01 10:18:21.846,1.3939,1.39423,5.85,1.50
2011.06.01 10:18:22.288,1.3939,1.39422,1.35,1.50
2011.06.01 10:18:23.797,1.3939,1.39424,1.35,2.25
2011.06.01 10:18:25.226,1.3939,1.39424,2.85,2.25
2011.06.01 10:18:25.448,1.3939,1.39424,1.35,2.25
2011.06.01 10:18:25.559,1.3939,1.39424,1.35,3.00
2011.06.01 10:18:25.777,1.39386,1.39424,2.97,3.00
2011.06.01 10:18:26.229,1.39388,1.39424,1.84,2.25
2011.06.01 10:18:26.596,1.39389,1.39424,2.10,2.25
2011.06.01 10:18:27.326,1.39391,1.39424,3.00,2.25
2011.06.01 10:18:28.977,1.39389,1.39422,1.35,1.50
2011.06.01 10:18:29.526,1.3939,1.39424,1.35,2.25
2011.06.01 10:18:30.185,1.39387,1.39424,1.09,2.25
2011.06.01 10:18:30.575,1.39387,1.39424,1.09,2.25
2011.06.01 10:18:32.672,1.39389,1.39424,1.35,2.25
2011.06.01 10:18:36.367,1.39389,1.39423,1.35,1.09
2011.06.01 10:18:36.478,1.39386,1.39419,2.25,1.50
2011.06.01 10:18:36.588,1.39386,1.39419,2.25,1.50
2011.06.01 10:18:36.697,1.39387,1.39413,1.35,1.50
2011.06.01 10:18:36.808,1.39384,1.39413,1.35,1.50
2011.06.01 10:18:38.229,1.39379,1.39413,1.09,1.50
2011.06.01 10:18:38.337,1.39378,1.39413,2.59,2.25
2011.06.01 10:18:39.168,1.39378,1.39413,2.59,2.25
2011.06.01 10:18:42.107,1.39377,1.39413,2.59,2.25
2011.06.01 10:18:42.698,1.39386,1.39413,2.25,2.25
2011.06.01 10:18:43.038,1.39387,1.39413,2.25,2.25
2011.06.01 10:18:43.148,1.39377,1.39413,4.09,3.15
2011.06.01 10:18:43.259,1.39377,1.39413,2.63,3.15
2011.06.01 10:18:43.481,1.39385,1.39413,2.25,3.15
2011.06.01 10:18:43.817,1.39387,1.39421,1.50,1.65
2011.06.01 10:18:44.156,1.39387,1.39421,1.50,1.65
2011.06.01 10:18:44.596,1.39387,1.39421,1.50,1.65
2011.06.01 10:18:45.147,1.39387,1.39422,1.50,1.65
2011.06.01 10:18:45.746,1.39387,1.39422,1.50,1.65
2011.06.01 10:18:46.776,1.39387,1.39422,1.50,1.65
2011.06.01 10:18:47.257,1.3938,1.39414,2.25,2.25
2011.06.01 10:18:47.586,1.39382,1.39414,1.35,2.25
2011.06.01 10:18:47.696,1.39382,1.39414,1.35,2.25
2011.06.01 10:18:50.848,1.39382,1.39414,1.35,2.25
2011.06.01 10:18:51.067,1.39381,1.39414,3.00,2.25
2011.06.01 10:18:51.178,1.39384,1.39414,2.25,2.25
2011.06.01 10:18:51.507,1.3939,1.39422,2.25,1.65
2011.06.01 10:18:51.949,1.3939,1.39424,2.25,2.40
2011.06.01 10:18:52.747,1.39387,1.39424,1.35,2.25
2011.06.01 10:18:53.186,1.39387,1.39424,1.35,2.25
2011.06.01 10:18:53.408,1.3939,1.39424,1.35,2.25
2011.06.01 10:18:53.737,1.39393,1.39424,1.35,2.25
2011.06.01 10:18:54.067,1.39386,1.39424,1.50,2.25
2011.06.01 10:18:54.288,1.39392,1.39424,1.35,2.25
2011.06.01 10:18:55.225,1.39392,1.39424,4.35,2.25
2011.06.01 10:18:55.569,1.39387,1.39424,2.44,2.25
2011.06.01 10:18:55.788,1.39389,1.39424,1.09,2.25
2011.06.01 10:18:55.896,1.39387,1.39424,1.84,2.25
2011.06.01 10:18:56.048,1.39397,1.39429,1.50,1.50
2011.06.01 10:18:56.434,1.39397,1.39429,1.50,1.50
2011.06.01 10:18:56.548,1.3939,1.39424,1.50,2.25
2011.06.01 10:18:56.658,1.39389,1.39424,1.09,2.25
2011.06.01 10:18:56.879,1.39396,1.39431,1.50,1.50
2011.06.01 10:18:57.098,1.39396,1.3943,1.50,1.50
2011.06.01 10:18:57.898,1.39396,1.39426,1.50,1.50
2011.06.01 10:18:58.117,1.39387,1.39425,2.25,1.50
2011.06.01 10:18:58.227,1.39397,1.39425,1.50,1.50
2011.06.01 10:18:58.957,1.39387,1.39423,3.00,2.25
2011.06.01 10:18:59.179,1.39389,1.39423,1.35,2.25
2011.06.01 10:18:59.397,1.39387,1.39423,2.25,2.25
2011.06.01 10:18:59.838,1.39387,1.39421,1.50,1.50
2011.06.01 10:19:00.167,1.39382,1.39414,3.23,2.25
2011.06.01 10:19:00.974,1.39382,1.39414,1.13,1.50
2011.06.01 10:19:03.056,1.39387,1.39419,1.50,1.09
2011.06.01 10:19:03.387,1.39387,1.39419,1.50,1.09
2011.06.01 10:19:03.719,1.39387,1.39423,1.50,2.40
2011.06.01 10:19:04.919,1.39387,1.39423,1.50,2.25
2011.06.01 10:19:05.037,1.39387,1.39423,2.25,2.25
2011.06.01 10:19:06.086,1.39387,1.39423,1.50,2.25
2011.06.01 10:19:06.310,1.39396,1.39429,1.50,1.99
2011.06.01 10:19:06.647,1.39391,1.39423,2.10,2.25
2011.06.01 10:19:06.757,1.39391,1.39423,2.10,2.25
2011.06.01 10:19:06.867,1.39387,1.39423,4.35,2.25
2011.06.01 10:19:07.306,1.39387,1.39423,2.25,2.25
2011.06.01 10:19:07.637,1.39387,1.39423,1.50,2.25
2011.06.01 10:19:07.856,1.39387,1.39423,1.50,2.25
2011.06.01 10:19:09.509,1.39387,1.39423,1.50,2.25
2011.06.01 10:19:10.489,1.39387,1.39423,1.50,2.25
2011.06.01 10:19:10.608,1.39381,1.39414,2.48,1.50
2011.06.01 10:19:10.937,1.3938,1.3941,2.10,3.00
2011.06.01 10:19:11.787,1.39381,1.39414,1.73,2.25
2011.06.01 10:19:13.017,1.3938,1.39411,1.73,2.25
2011.06.01 10:19:14.626,1.39379,1.39412,2.25,3.00
2011.06.01 10:19:14.956,1.39379,1.39414,2.25,2.25
2011.06.01 10:19:15.177,1.39378,1.3941,3.60,3.00
2011.06.01 10:19:15.397,1.39378,1.3941,1.50,2.25
2011.06.01 10:19:15.947,1.3938,1.3941,2.10,3.00
2011.06.01 10:19:16.168,1.3938,1.39414,2.10,1.50
2011.06.01 10:19:16.830,1.39386,1.39416,1.50,1.09
2011.06.01 10:19:18.968,1.39386,1.39416,1.50,1.09
2011.06.01 10:19:19.080,1.39384,1.39413,1.35,2.25
2011.06.01 10:19:19.198,1.39377,1.3941,2.25,1.50
2011.06.01 10:19:19.309,1.39377,1.39407,1.50,1.50
2011.06.01 10:19:19.429,1.39374,1.39413,1.50,2.40
2011.06.01 10:19:19.767,1.39378,1.39413,2.10,2.40
2011.06.01 10:19:19.986,1.39378,1.39413,2.10,2.40
2011.06.01 10:19:21.388,1.39378,1.39413,2.10,2.40
2011.06.01 10:19:21.609,1.3938,1.39413,2.10,2.40
2011.06.01 10:19:21.937,1.3938,1.39411,2.10,2.25
2011.06.01 10:19:22.268,1.3938,1.39409,2.10,2.59
2011.06.01 10:19:22.597,1.39377,1.39406,3.00,2.25
2011.06.01 10:19:23.037,1.39374,1.39403,1.35,1.50
2011.06.01 10:19:23.860,1.39373,1.39403,1.88,1.50
2011.06.01 10:19:23.984,1.39374,1.39403,2.10,1.50
2011.06.01 10:19:26.026,1.39374,1.39403,2.10,1.50
2011.06.01 10:19:26.924,1.39377,1.39403,2.10,1.50
2011.06.01 10:19:30.188,1.39379,1.39403,1.50,1.50
2011.06.01 10:19:30.299,1.39385,1.39413,1.50,1.50
2011.06.01 10:19:30.527,1.39376,1.39414,3.75,2.25
2011.06.01 10:19:31.079,1.39379,1.39414,1.50,2.25
2011.06.01 10:19:31.407,1.39381,1.39413,1.50,2.25
2011.06.01 10:19:31.517,1.3938,1.39414,1.50,1.50
2011.06.01 10:19:32.176,1.3938,1.39414,1.50,1.50
2011.06.01 10:19:32.727,1.39382,1.39414,1.50,1.50
2011.06.01 10:19:33.058,1.39386,1.39414,1.50,1.50
2011.06.01 10:19:33.276,1.39386,1.39424,3.00,2.25
2011.06.01 10:19:34.067,1.39387,1.39424,2.25,2.25
2011.06.01 10:19:34.617,1.3939,1.39424,2.10,2.25
2011.06.01 10:19:34.947,1.39392,1.39424,2.85,1.50
2011.06.01 10:19:35.496,1.39394,1.39424,2.85,1.50
2011.06.01 10:19:36.565,1.39397,1.39433,1.50,2.25
2011.06.01 10:19:39.018,1.39401,1.39433,2.10,2.25
2011.06.01 10:19:39.567,1.39401,1.39433,2.10,1.50
2011.06.01 10:19:40.879,1.39401,1.39432,1.35,1.09
2011.06.01 10:19:40.987,1.39397,1.39433,1.50,2.25
2011.06.01 10:19:41.098,1.39397,1.39433,4.35,2.25
2011.06.01 10:19:41.427,1.39399,1.39433,1.35,1.50
2011.06.01 10:19:41.756,1.39399,1.39433,1.35,2.25
2011.06.01 10:19:41.867,1.39399,1.39433,1.35,2.25
2011.06.01 10:19:42.478,1.394,1.39433,1.35,2.25
2011.06.01 10:19:43.908,1.39401,1.39433,1.35,2.25
2011.06.01 10:19:44.018,1.39397,1.39433,1.50,2.25
2011.06.01 10:19:44.127,1.39397,1.39433,1.50,2.25
2011.06.01 10:19:44.456,1.39397,1.39433,1.50,2.25
2011.06.01 10:19:44.786,1.39397,1.39433,1.50,2.25
2011.06.01 10:19:46.636,1.39397,1.39433,2.25,1.50
2011.06.01 10:19:46.856,1.39397,1.39433,2.25,2.25
2011.06.01 10:19:47.076,1.39397,1.39433,1.50,2.25
2011.06.01 10:19:49.459,1.39397,1.39433,4.50,2.25
2011.06.01 10:19:49.787,1.39407,1.39443,1.50,2.40
2011.06.01 10:19:50.117,1.39407,1.39443,1.50,3.15
2011.06.01 10:19:50.668,1.39407,1.39443,1.50,3.15
2011.06.01 10:19:51.108,1.39398,1.39433,2.85,1.50
2011.06.01 10:19:51.763,1.39402,1.39433,1.84,2.25
2011.06.01 10:19:51.878,1.39403,1.39444,1.50,2.25
2011.06.01 10:19:51.988,1.39403,1.39444,1.50,2.25
2011.06.01 10:19:52.428,1.39406,1.39444,3.00,2.25
2011.06.01 10:19:52.977,1.39408,1.39444,1.13,2.25
2011.06.01 10:19:53.307,1.3941,1.39444,1.50,2.25
2011.06.01 10:19:53.667,1.39416,1.39454,1.50,2.78
2011.06.01 10:19:54.017,1.39416,1.39454,1.50,2.78
2011.06.01 10:19:54.457,1.39416,1.39448,1.50,1.09
2011.06.01 10:19:54.679,1.39416,1.39448,1.50,1.09
2011.06.01 10:19:55.842,1.39416,1.39448,1.50,1.24
2011.06.01 10:19:56.068,1.39406,1.39444,2.25,4.50
2011.06.01 10:19:58.089,1.39406,1.39444,2.25,2.25
2011.06.01 10:20:00.545,1.39406,1.39444,2.25,3.15
2011.06.01 10:20:00.882,1.39406,1.39444,2.25,2.25
2011.06.01 10:20:01.338,1.39406,1.39444,2.25,2.25
2011.06.01 10:20:01.887,1.39406,1.39444,2.25,2.25
2011.06.01 10:20:02.330,1.39406,1.39444,2.25,2.25
2011.06.01 10:20:02.668,1.39406,1.39444,2.25,2.25
2011.06.01 10:20:04.086,1.39406,1.39444,2.25,2.25
2011.06.01 10:20:04.748,1.39406,1.3944,1.50,1.24
2011.06.01 10:20:04.857,1.39406,1.3944,1.50,1.24
2011.06.01 10:20:05.903,1.39406,1.3944,1.50,1.24
2011.06.01 10:20:06.017,1.39406,1.3944,1.50,1.24
2011.06.01 10:20:09.046,1.39406,1.3944,1.50,1.24
2011.06.01 10:20:10.578,1.39403,1.39434,1.35,2.63
2011.06.01 10:20:10.910,1.39394,1.39424,1.35,1.50
2011.06.01 10:20:11.028,1.39389,1.39424,1.35,2.25
2011.06.01 10:20:11.249,1.39397,1.39427,1.50,1.24
2011.06.01 10:20:11.587,1.39397,1.39426,1.50,1.13
2011.06.01 10:20:11.807,1.39386,1.39424,2.25,2.25
2011.06.01 10:20:13.250,1.39386,1.39424,2.25,2.25
2011.06.01 10:20:13.799,1.39386,1.39424,2.25,2.25
2011.06.01 10:20:14.017,1.39386,1.39424,2.25,2.25
2011.06.01 10:20:15.419,1.39386,1.39424,2.25,2.25
2011.06.01 10:20:15.640,1.39386,1.39424,2.25,2.25
2011.06.01 10:20:16.251,1.39386,1.39424,2.25,2.25
2011.06.01 10:20:16.918,1.39386,1.39424,2.25,2.25
2011.06.01 10:20:18.302,1.39386,1.39418,1.50,1.50
2011.06.01 10:20:18.640,1.39382,1.39414,1.13,2.25
2011.06.01 10:20:19.203,1.39382,1.39414,1.13,2.25
2011.06.01 10:20:19.540,1.39376,1.39414,3.00,2.25
2011.06.01 10:20:19.657,1.39376,1.39414,3.75,2.25
2011.06.01 10:20:19.767,1.39376,1.39411,3.75,1.09
2011.06.01 10:20:20.211,1.39376,1.39409,2.25,1.09
2011.06.01 10:20:20.438,1.39376,1.39408,3.60,1.09
2011.06.01 10:20:20.550,1.39376,1.39408,2.25,1.09
2011.06.01 10:20:20.998,1.39376,1.39414,1.50,3.00
2011.06.01 10:20:21.691,1.39376,1.39414,2.25,2.40
2011.06.01 10:20:22.030,1.39373,1.39406,2.85,1.09
2011.06.01 10:20:22.357,1.39372,1.39403,1.50,1.50
2011.06.01 10:20:22.707,1.39377,1.39413,1.50,2.40
2011.06.01 10:20:23.528,1.39377,1.39413,1.50,2.40
2011.06.01 10:20:23.749,1.39377,1.39413,1.50,2.40
2011.06.01 10:20:23.966,1.39368,1.39403,1.09,1.50
2011.06.01 10:20:28.168,1.39368,1.394,1.09,2.25
2011.06.01 10:20:28.279,1.39367,1.39399,3.00,2.59
2011.06.01 10:20:28.388,1.39367,1.39396,2.25,2.25
2011.06.01 10:20:28.607,1.39361,1.39394,2.10,2.59
2011.06.01 10:20:30.138,1.39361,1.39394,1.50,1.84
2011.06.01 10:20:30.686,1.39359,1.39394,1.50,1.84
2011.06.01 10:20:31.986,1.39358,1.39391,1.13,1.09
2011.06.01 10:20:32.606,1.39358,1.39393,1.88,1.09
2011.06.01 10:20:32.717,1.39358,1.39393,1.88,1.09
2011.06.01 10:20:32.827,1.39358,1.39393,1.88,1.09
2011.06.01 10:20:33.268,1.39361,1.39393,2.85,1.84
2011.06.01 10:20:35.518,1.39363,1.39393,1.50,1.84
2011.06.01 10:20:35.629,1.39357,1.39393,2.25,2.59
2011.06.01 10:20:36.177,1.39357,1.39393,2.25,2.74
2011.06.01 10:20:36.508,1.39367,1.39393,1.50,1.50
2011.06.01 10:20:37.060,1.39367,1.39393,2.85,1.50
2011.06.01 10:20:38.657,1.3937,1.39393,1.50,1.50
2011.06.01 10:20:39.934,1.39368,1.39393,1.50,1.50
2011.06.01 10:20:40.046,1.39368,1.39404,1.50,1.84
2011.06.01 10:20:43.319,1.39367,1.39404,1.84,2.25
2011.06.01 10:20:44.682,1.39376,1.39411,1.50,1.09
2011.06.01 10:20:45.616,1.39371,1.39404,1.50,1.50
2011.06.01 10:20:46.166,1.39369,1.39404,1.50,1.84
2011.06.01 10:20:46.827,1.39369,1.39404,1.50,1.84
2011.06.01 10:20:48.859,1.39371,1.39406,1.50,1.09
2011.06.01 10:20:49.554,1.39371,1.39403,1.50,1.84
2011.06.01 10:20:51.100,1.39377,1.39405,1.50,1.09
2011.06.01 10:20:51.221,1.39367,1.39403,2.25,1.84
2011.06.01 10:20:51.339,1.39367,1.39403,1.50,2.74
2011.06.01 10:20:52.532,1.39367,1.39396,1.50,1.09
2011.06.01 10:20:52.656,1.39359,1.39394,1.50,1.84
2011.06.01 10:20:53.207,1.39357,1.39394,2.25,1.84
2011.06.01 10:20:53.657,1.39357,1.39394,2.25,1.84
2011.06.01 10:20:54.096,1.39357,1.39394,2.25,1.84
2011.06.01 10:20:54.319,1.39358,1.39394,1.50,1.84
2011.06.01 10:20:54.761,1.39357,1.39394,1.50,1.84
2011.06.01 10:20:55.097,1.39356,1.39394,2.25,1.84
2011.06.01 10:20:55.317,1.39356,1.39394,1.50,1.84
2011.06.01 10:20:55.649,1.39356,1.39394,2.25,1.84
2011.06.01 10:20:56.339,1.39356,1.39394,1.50,1.84
2011.06.01 10:20:56.888,1.39356,1.39394,2.25,2.59
2011.06.01 10:20:57.106,1.39356,1.39394,3.00,1.84
2011.06.01 10:20:57.658,1.39356,1.39394,1.50,2.59
2011.06.01 10:20:57.877,1.39357,1.39394,1.50,1.84
2011.06.01 10:20:58.207,1.39356,1.39394,1.50,1.84
2011.06.01 10:20:59.681,1.39358,1.39394,1.50,1.84
2011.06.01 10:21:00.237,1.39356,1.39394,2.25,1.84
2011.06.01 10:21:00.896,1.39357,1.39394,2.25,1.84
2011.06.01 10:21:01.119,1.39357,1.39394,1.50,1.84
2011.06.01 10:21:01.676,1.39358,1.39394,1.50,1.84
2011.06.01 10:21:02.477,1.39356,1.39384,2.25,1.84
2011.06.01 10:21:02.698,1.3935,1.39381,1.50,1.09
2011.06.01 10:21:02.808,1.39347,1.39373,3.38,1.50
2011.06.01 10:21:03.027,1.39345,1.39373,1.50,1.50
2011.06.01 10:21:03.137,1.39346,1.39378,1.50,1.24
2011.06.01 10:21:03.797,1.39347,1.39378,2.25,1.24
2011.06.01 10:21:04.729,1.39347,1.39376,1.50,1.50
2011.06.01 10:21:05.057,1.3934,1.39373,1.50,2.25
2011.06.01 10:21:05.170,1.3934,1.39373,1.50,2.74
2011.06.01 10:21:05.509,1.39337,1.39373,3.00,2.74
2011.06.01 10:21:05.728,1.39338,1.39373,1.50,2.74
2011.06.01 10:21:06.719,1.39337,1.39373,2.25,1.50
2011.06.01 10:21:07.267,1.39346,1.39379,1.50,1.24
2011.06.01 10:21:07.376,1.39346,1.39379,2.25,1.24
2011.06.01 10:21:07.487,1.39346,1.39379,1.50,1.24
2011.06.01 10:21:09.246,1.39346,1.39383,2.25,1.24
2011.06.01 10:21:09.687,1.39346,1.39382,2.25,1.24
2011.06.01 10:21:10.017,1.39357,1.3938,1.50,1.24
2011.06.01 10:21:10.349,1.39357,1.39378,1.50,1.24
2011.06.01 10:21:10.572,1.39347,1.39375,1.50,1.84
2011.06.01 10:21:12.057,1.39337,1.39373,2.25,2.74
2011.06.01 10:21:12.618,1.39338,1.39373,1.50,2.74
2011.06.01 10:21:12.836,1.39338,1.39373,1.50,2.74
2011.06.01 10:21:14.414,1.39347,1.3938,1.50,2.40
2011.06.01 10:21:14.534,1.39347,1.3938,1.50,1.50
2011.06.01 10:21:14.652,1.39351,1.39383,1.50,1.50
2011.06.01 10:21:14.987,1.39354,1.39392,1.13,1.09
2011.06.01 10:21:15.624,1.39357,1.39393,3.00,2.59
2011.06.01 10:21:15.852,1.39365,1.39404,1.50,2.25
2011.06.01 10:21:15.970,1.39367,1.39404,3.00,1.50
2011.06.01 10:21:16.308,1.39377,1.39408,1.50,1.09
2011.06.01 10:21:16.749,1.39368,1.39408,1.50,1.09
2011.06.01 10:21:16.859,1.39371,1.39412,1.50,1.09
2011.06.01 10:21:17.207,1.39376,1.39414,2.25,1.99
2011.06.01 10:21:17.541,1.39386,1.39416,1.50,1.24
2011.06.01 10:21:18.099,1.39386,1.39409,1.50,1.09
2011.06.01 10:21:18.819,1.39377,1.39411,1.50,1.09
2011.06.01 10:21:18.931,1.39377,1.39406,1.50,1.84
2011.06.01 10:21:20.807,1.39366,1.39402,1.50,1.09
2011.06.01 10:21:22.310,1.39366,1.39399,1.50,1.09
2011.06.01 10:21:22.930,1.39366,1.39399,1.50,1.24
2011.06.01 10:21:23.269,1.39357,1.39393,2.25,1.99
2011.06.01 10:21:23.706,1.39357,1.3939,1.50,2.74
2011.06.01 10:21:24.827,1.39357,1.3939,1.88,1.99
2011.06.01 10:21:25.269,1.39358,1.39394,1.13,1.09
2011.06.01 10:21:26.148,1.39356,1.39391,1.88,1.99
2011.06.01 10:21:26.697,1.39356,1.39392,1.88,1.65
2011.06.01 10:21:27.340,1.39356,1.39392,1.88,1.65
2011.06.01 10:21:27.897,1.39356,1.39389,1.88,1.65
2011.06.01 10:21:28.228,1.39356,1.39389,1.88,1.99
2011.06.01 10:21:28.997,1.39356,1.39384,1.88,1.24
2011.06.01 10:21:29.657,1.39356,1.39384,1.88,1.99
2011.06.01 10:21:31.030,1.39348,1.39383,2.25,2.40
2011.06.01 10:21:31.678,1.39348,1.39376,2.25,1.09
2011.06.01 10:21:31.789,1.39347,1.39376,1.50,1.09
2011.06.01 10:21:33.087,1.39348,1.39379,2.25,1.99
2011.06.01 10:21:33.758,1.39348,1.39383,2.25,2.40
2011.06.01 10:21:33.869,1.39357,1.39387,1.50,1.24
2011.06.01 10:21:34.089,1.39357,1.39387,1.50,1.24
2011.06.01 10:21:34.530,1.39357,1.39384,1.50,1.09
2011.06.01 10:21:35.308,1.39347,1.39382,2.25,1.09
2011.06.01 10:21:36.818,1.39347,1.39383,2.25,1.84
2011.06.01 10:21:37.269,1.39347,1.39383,2.25,1.84
2011.06.01 10:21:37.380,1.39347,1.39381,1.50,1.24
2011.06.01 10:21:38.236,1.39347,1.39382,1.50,1.24
2011.06.01 10:21:38.678,1.39347,1.39371,1.50,1.09
2011.06.01 10:21:39.118,1.39339,1.39373,1.50,1.84
2011.06.01 10:21:39.228,1.3934,1.39373,1.13,1.50
2011.06.01 10:21:39.668,1.39347,1.3938,1.50,1.09
2011.06.01 10:21:43.139,1.39347,1.39383,2.25,1.84
2011.06.01 10:21:43.246,1.39347,1.39383,2.25,1.50
2011.06.01 10:21:43.357,1.39357,1.39387,1.50,2.10
2011.06.01 10:21:43.907,1.39357,1.39389,1.50,1.09
2011.06.01 10:21:44.239,1.39347,1.39377,2.25,1.84
2011.06.01 10:21:44.566,1.39346,1.3937,1.50,1.69
2011.06.01 10:21:45.265,1.39346,1.39361,1.50,1.35
2011.06.01 10:21:45.385,1.39337,1.39362,1.50,1.35
2011.06.01 10:21:45.718,1.39337,1.39366,1.50,1.35
2011.06.01 10:21:45.939,1.39346,1.39366,1.50,1.35
2011.06.01 10:21:46.559,1.39346,1.39366,1.50,2.10
2011.06.01 10:21:46.668,1.39336,1.39364,1.88,1.35
2011.06.01 10:21:46.889,1.39336,1.39362,1.88,1.35
2011.06.01 10:21:47.270,1.39336,1.3936,1.88,2.10
2011.06.01 10:21:47.610,1.39336,1.39362,1.88,2.10
2011.06.01 10:21:47.838,1.39336,1.39357,1.50,1.35
2011.06.01 10:21:49.736,1.39336,1.39355,1.50,1.35
2011.06.01 10:21:49.957,1.39327,1.39351,1.50,1.35
2011.06.01 10:21:50.508,1.39327,1.39351,2.25,1.35
2011.06.01 10:21:50.618,1.39327,1.39354,2.25,1.35
2011.06.01 10:21:50.839,1.39327,1.39356,2.25,1.35
2011.06.01 10:21:50.959,1.39327,1.3936,2.25,1.35
2011.06.01 10:21:51.069,1.39327,1.39356,2.25,1.35
2011.06.01 10:21:51.290,1.39327,1.39356,1.50,2.10
2011.06.01 10:21:51.408,1.39327,1.39351,1.50,1.35
2011.06.01 10:21:51.956,1.39326,1.39352,1.50,1.35
2011.06.01 10:21:53.581,1.39326,1.39351,1.50,1.35
2011.06.01 10:21:53.810,1.39321,1.39348,2.25,1.35
2011.06.01 10:21:53.928,1.39321,1.39342,2.25,1.35
2011.06.01 10:21:54.037,1.39317,1.39342,2.25,1.35
2011.06.01 10:21:54.569,1.39316,1.39344,2.25,1.35
2011.06.01 10:21:55.128,1.39312,1.39348,1.50,1.35
2011.06.01 10:21:55.676,1.39317,1.39347,2.25,1.35
2011.06.01 10:21:56.275,1.39317,1.39347,2.25,1.35
2011.06.01 10:21:56.536,1.39317,1.39347,2.25,1.35
2011.06.01 10:21:58.010,1.39317,1.39345,2.25,1.35
2011.06.01 10:21:58.348,1.39317,1.39348,2.25,1.35
2011.06.01 10:21:58.569,1.39317,1.39345,1.50,1.35
2011.06.01 10:21:58.679,1.39315,1.39343,1.50,1.50
2011.06.01 10:21:58.790,1.39312,1.39345,1.50,2.07
2011.06.01 10:21:58.909,1.3931,1.39339,1.13,2.03
2011.06.01 10:21:59.237,1.3931,1.39335,1.13,1.35
2011.06.01 10:21:59.805,1.3931,1.39336,1.13,1.35
2011.06.01 10:22:00.356,1.3931,1.39336,1.13,1.35
2011.06.01 10:22:01.986,1.39309,1.39341,1.13,1.35
2011.06.01 10:22:02.426,1.3931,1.39336,1.13,1.35
2011.06.01 10:22:02.651,1.39305,1.39336,1.50,1.69
2011.06.01 10:22:02.767,1.39303,1.39327,1.50,1.35
2011.06.01 10:22:02.879,1.39303,1.3934,1.50,1.69
2011.06.01 10:22:03.460,1.39303,1.3934,1.50,1.69
2011.06.01 10:22:03.566,1.39307,1.39342,2.25,1.35
2011.06.01 10:22:03.678,1.39307,1.39343,2.25,2.25
2011.06.01 10:22:03.901,1.39307,1.39342,2.25,1.09
2011.06.01 10:22:04.352,1.39307,1.39338,1.50,2.44
2011.06.01 10:22:04.909,1.39297,1.39336,1.50,1.50
2011.06.01 10:22:05.128,1.39297,1.39333,2.25,1.35
2011.06.01 10:22:05.569,1.39297,1.39336,3.00,1.65
2011.06.01 10:22:06.128,1.39296,1.39334,2.25,2.85
2011.06.01 10:22:06.236,1.39296,1.39334,2.25,2.85
2011.06.01 10:22:06.927,1.39296,1.39329,2.25,1.69
2011.06.01 10:22:07.257,1.39288,1.39324,1.50,1.50
2011.06.01 10:22:07.368,1.39288,1.39324,1.50,1.50
2011.06.01 10:22:08.027,1.39286,1.39324,3.00,1.50
2011.06.01 10:22:08.757,1.39296,1.39329,1.50,1.69
2011.06.01 10:22:09.307,1.39287,1.39323,2.25,1.50
2011.06.01 10:22:11.048,1.39287,1.39323,2.25,1.50
2011.06.01 10:22:11.497,1.39297,1.39328,2.25,1.35
2011.06.01 10:22:13.709,1.39297,1.39329,2.25,1.69
2011.06.01 10:22:15.249,1.39297,1.39335,2.25,1.02
2011.06.01 10:22:15.360,1.39306,1.39337,1.50,1.09
2011.06.01 10:22:15.483,1.39294,1.39331,1.50,2.59
2011.06.01 10:22:15.822,1.39297,1.39331,2.25,1.84
2011.06.01 10:22:16.050,1.39288,1.39323,1.13,1.50
2011.06.01 10:22:16.277,1.39288,1.39323,1.13,1.50
2011.06.01 10:22:16.838,1.39296,1.39331,2.25,1.84
2011.06.01 10:22:18.620,1.39296,1.39331,2.25,3.19
2011.06.01 10:22:18.958,1.39296,1.39331,2.25,1.84
2011.06.01 10:22:19.182,1.39297,1.39328,2.25,1.69
2011.06.01 10:22:19.299,1.39297,1.39328,2.25,1.69
2011.06.01 10:22:19.857,1.39297,1.3932,1.50,1.35
2011.06.01 10:22:20.079,1.39297,1.39324,1.50,1.69
2011.06.01 10:22:20.186,1.39286,1.39324,2.25,3.19
2011.06.01 10:22:20.407,1.39286,1.39324,2.25,3.19
2011.06.01 10:22:20.850,1.39286,1.39324,2.25,1.84
2011.06.01 10:22:21.407,1.39286,1.39324,2.25,1.84
2011.06.01 10:22:22.116,1.39286,1.39324,2.25,2.59
2011.06.01 10:22:22.667,1.39286,1.39324,2.25,2.59
2011.06.01 10:22:23.729,1.39287,1.3932,2.25,1.09
2011.06.01 10:22:24.056,1.39287,1.3932,1.50,1.24
2011.06.01 10:22:24.608,1.39287,1.3932,2.25,1.62
2011.06.01 10:22:24.938,1.39287,1.39323,2.25,2.74
2011.06.01 10:22:27.436,1.39287,1.39323,1.50,2.74
2011.06.01 10:22:27.876,1.39287,1.3932,2.25,2.37
2011.06.01 10:22:28.426,1.39287,1.39318,2.25,1.09
2011.06.01 10:22:28.649,1.39287,1.3932,2.25,1.24
2011.06.01 10:22:30.098,1.39287,1.39318,2.25,1.09
2011.06.01 10:22:33.647,1.39287,1.39317,1.50,1.09
2011.06.01 10:22:35.226,1.39287,1.39317,1.50,1.09
2011.06.01 10:22:38.267,1.39276,1.39314,3.00,1.50
2011.06.01 10:22:38.379,1.39276,1.39314,3.00,1.50
2011.06.01 10:22:38.488,1.39276,1.39318,3.00,2.59
2011.06.01 10:22:38.599,1.39276,1.39313,3.00,1.09
2011.06.01 10:22:38.719,1.39276,1.39311,2.25,1.09
2011.06.01 10:22:38.830,1.39287,1.39309,1.50,1.09
2011.06.01 10:22:39.167,1.39277,1.39308,1.50,1.84
2011.06.01 10:22:40.156,1.39277,1.39308,1.50,1.09
2011.06.01 10:22:41.227,1.39286,1.39312,1.50,1.65
2011.06.01 10:22:41.448,1.39286,1.39315,1.50,1.65
2011.06.01 10:22:42.387,1.39286,1.39313,1.50,1.65
2011.06.01 10:22:42.498,1.39286,1.39314,1.50,1.65
2011.06.01 10:22:43.568,1.39277,1.39313,2.25,3.15
2011.06.01 10:22:43.786,1.39277,1.39313,2.25,3.15
2011.06.01 10:22:44.627,1.39277,1.39313,2.25,3.90
2011.06.01 10:22:45.077,1.39277,1.39313,2.25,3.90
2011.06.01 10:22:45.846,1.39277,1.39313,2.25,2.40
2011.06.01 10:22:46.177,1.39277,1.39313,2.25,1.65
2011.06.01 10:22:47.580,1.39287,1.39315,1.50,1.65
2011.06.01 10:22:48.138,1.39287,1.39318,1.50,1.09
2011.06.01 10:22:48.928,1.39287,1.39318,2.25,1.09
2011.06.01 10:22:50.970,1.39287,1.39318,2.25,1.84
2011.06.01 10:22:51.517,1.39287,1.39318,2.25,1.09
2011.06.01 10:22:51.996,1.39287,1.39318,2.25,1.84
2011.06.01 10:22:53.682,1.39287,1.39314,2.25,2.59
2011.06.01 10:22:56.840,1.39276,1.39314,2.25,4.24
2011.06.01 10:22:57.067,1.39276,1.39314,2.25,4.62
2011.06.01 10:22:58.136,1.39276,1.39312,2.25,1.47
2011.06.01 10:22:59.194,1.39276,1.39312,2.25,1.09
2011.06.01 10:22:59.528,1.39276,1.39314,2.25,4.99
2011.06.01 10:23:00.189,1.39276,1.39314,2.25,3.34
2011.06.01 10:23:00.702,1.39276,1.39314,2.25,3.34
2011.06.01 10:23:01.148,1.39276,1.39311,1.50,1.09
2011.06.01 10:23:01.477,1.39267,1.39311,2.25,1.47
2011.06.01 10:23:01.806,1.39266,1.39304,3.00,1.84
2011.06.01 10:23:02.027,1.39266,1.39304,3.00,1.84
2011.06.01 10:23:02.576,1.39266,1.39304,2.25,2.22
2011.06.01 10:23:03.039,1.39266,1.39304,2.25,2.22
2011.06.01 10:23:03.864,1.39266,1.39302,2.25,1.47
2011.06.01 10:23:04.321,1.39266,1.39302,2.25,1.47
2011.06.01 10:23:04.882,1.39267,1.39298,1.50,1.09
2011.06.01 10:23:05.110,1.39267,1.39303,2.25,1.09
2011.06.01 10:23:05.448,1.39266,1.393,1.50,1.09
2011.06.01 10:23:05.779,1.39266,1.393,2.25,1.09
2011.06.01 10:23:06.108,1.39266,1.39304,3.00,1.84
2011.06.01 10:23:06.329,1.39277,1.39308,1.50,1.09
2011.06.01 10:23:06.437,1.39268,1.39304,1.50,1.50
2011.06.01 10:23:07.072,1.39268,1.39304,1.50,1.50
2011.06.01 10:23:10.986,1.39277,1.39307,1.50,1.09
2011.06.01 10:23:13.969,1.39277,1.39307,1.50,1.09
2011.06.01 10:23:14.567,1.39276,1.3931,2.25,1.09
2011.06.01 10:23:15.148,1.39277,1.3931,1.50,1.09
2011.06.01 10:23:17.048,1.39277,1.39313,2.25,2.25
2011.06.01 10:23:17.267,1.39277,1.39313,1.50,2.25
2011.06.01 10:23:17.707,1.39277,1.39313,1.50,3.00
2011.06.01 10:23:20.099,1.39272,1.39312,2.25,1.09
2011.06.01 10:23:20.528,1.39272,1.39306,1.50,1.09
2011.06.01 10:23:20.638,1.39272,1.39304,1.50,1.50
2011.06.01 10:23:21.186,1.39269,1.39301,1.50,1.50
2011.06.01 10:23:22.448,1.39269,1.39301,1.50,1.50
2011.06.01 10:23:22.556,1.39266,1.39301,1.50,1.50
2011.06.01 10:23:22.778,1.39262,1.39298,1.09,1.50
2011.06.01 10:23:22.888,1.39258,1.39294,1.84,1.50
2011.06.01 10:23:23.000,1.39257,1.39294,1.50,1.50
2011.06.01 10:23:23.119,1.39256,1.39294,2.25,1.84
2011.06.01 10:23:23.230,1.39256,1.39289,1.50,1.09
2011.06.01 10:23:23.457,1.39252,1.39289,1.50,1.09
2011.06.01 10:23:23.677,1.39252,1.39283,1.50,1.50
2011.06.01 10:23:24.008,1.39252,1.39283,1.50,1.84
2011.06.01 10:23:24.703,1.3925,1.39283,1.50,1.84
2011.06.01 10:23:24.824,1.39247,1.39283,2.63,2.59
2011.06.01 10:23:26.616,1.39248,1.39283,1.88,1.84
2011.06.01 10:23:27.697,1.3925,1.39283,1.50,1.84
2011.06.01 10:23:28.028,1.39247,1.39281,3.00,1.09
2011.06.01 10:23:29.294,1.39247,1.39281,1.50,1.09
2011.06.01 10:23:29.739,1.39247,1.39283,2.25,1.50
2011.06.01 10:23:29.847,1.39247,1.39283,2.25,1.50
2011.06.01 10:23:30.067,1.39247,1.39283,2.25,2.25
2011.06.01 10:23:30.867,1.39247,1.39283,2.25,1.50
2011.06.01 10:23:33.708,1.39247,1.39283,1.50,2.25
2011.06.01 10:23:34.148,1.39249,1.39283,1.50,1.50
2011.06.01 10:23:34.646,1.39257,1.39286,1.50,1.65
2011.06.01 10:23:35.238,1.39257,1.39291,1.50,1.24
2011.06.01 10:23:36.117,1.39248,1.39284,1.50,1.50
2011.06.01 10:23:40.979,1.39248,1.39281,1.50,2.25
2011.06.01 10:23:41.307,1.39248,1.39279,1.50,2.25
2011.06.01 10:23:43.146,1.39248,1.39279,1.50,2.25
2011.06.01 10:23:44.014,1.39248,1.39279,1.50,2.25
2011.06.01 10:23:44.127,1.39248,1.39284,1.50,1.50
2011.06.01 10:23:44.238,1.39248,1.39284,1.50,1.50
2011.06.01 10:23:44.569,1.39248,1.39284,2.25,1.50
2011.06.01 10:23:44.678,1.39256,1.39292,2.25,1.24
2011.06.01 10:23:47.788,1.39256,1.39293,3.00,1.50
2011.06.01 10:23:48.421,1.39256,1.39294,3.00,3.00
2011.06.01 10:23:48.859,1.39256,1.39294,3.00,1.50
2011.06.01 10:23:49.187,1.39267,1.39299,1.50,1.24
2011.06.01 10:23:50.219,1.39267,1.39297,1.50,1.50
2011.06.01 10:23:50.879,1.39267,1.39297,1.50,1.50
2011.06.01 10:23:51.431,1.39256,1.39294,2.25,2.25
2011.06.01 10:23:51.879,1.39256,1.39294,1.50,2.25
2011.06.01 10:23:52.637,1.39256,1.39294,3.00,1.50
2011.06.01 10:23:54.438,1.39259,1.39294,1.50,1.50
2011.06.01 10:23:54.767,1.39267,1.39303,3.34,2.25
2011.06.01 10:23:55.977,1.39267,1.39303,4.09,1.50
2011.06.01 10:23:57.044,1.39267,1.39303,3.34,2.25
2011.06.01 10:23:59.116,1.3927,1.39303,1.50,1.50
2011.06.01 10:24:01.249,1.39269,1.39303,2.25,1.50
2011.06.01 10:24:01.798,1.39269,1.39303,2.25,1.50
2011.06.01 10:24:05.877,1.3927,1.39303,1.50,1.50
2011.06.01 10:24:09.208,1.3927,1.39303,1.50,1.50
2011.06.01 10:24:09.537,1.39271,1.39303,1.50,1.50
2011.06.01 10:24:09.979,1.39267,1.39303,2.59,2.25
2011.06.01 10:24:10.088,1.39267,1.39303,1.84,2.25
2011.06.01 10:24:10.198,1.39266,1.39293,1.50,1.50
2011.06.01 10:24:10.528,1.39262,1.39293,1.50,1.50
2011.06.01 10:24:11.077,1.39259,1.39293,1.50,1.50
2011.06.01 10:24:12.975,1.39259,1.39293,1.50,1.50
2011.06.01 10:24:13.958,1.39259,1.39293,1.50,1.50
2011.06.01 10:24:16.996,1.39261,1.39293,1.50,1.50
2011.06.01 10:24:20.681,1.39258,1.39293,1.50,1.50
2011.06.01 10:24:21.017,1.39257,1.39293,2.25,2.25
2011.06.01 10:24:21.567,1.39257,1.39293,1.50,2.25
2011.06.01 10:24:28.256,1.39256,1.39293,1.50,1.65
2011.06.01 10:24:29.146,1.39256,1.39293,1.50,1.65
2011.06.01 10:24:29.886,1.39256,1.39293,1.50,1.65
2011.06.01 10:24:33.240,1.39257,1.39293,1.50,3.15
2011.06.01 10:24:34.068,1.39257,1.39293,1.50,3.90
2011.06.01 10:24:36.952,1.39257,1.39293,1.50,3.15
2011.06.01 10:24:39.196,1.39257,1.39293,1.50,3.90
2011.06.01 10:24:41.658,1.39257,1.39293,3.75,2.40
2011.06.01 10:24:41.769,1.39257,1.39293,3.75,1.50
2011.06.01 10:24:42.098,1.39262,1.39293,1.09,1.50
2011.06.01 10:24:42.317,1.39267,1.39303,1.50,3.00
2011.06.01 10:24:43.499,1.39267,1.39303,1.50,2.25
2011.06.01 10:24:43.938,1.39267,1.39302,1.50,1.50
2011.06.01 10:24:44.818,1.39267,1.39303,1.50,3.00
2011.06.01 10:24:45.258,1.39267,1.39302,1.50,2.85
2011.06.01 10:24:45.477,1.39267,1.393,1.50,1.50
2011.06.01 10:24:45.808,1.39256,1.39294,2.25,1.50
2011.06.01 10:24:46.031,1.39256,1.39293,1.50,1.50
2011.06.01 10:24:46.147,1.39256,1.39294,2.25,2.25
2011.06.01 10:24:46.479,1.39261,1.39294,2.25,2.25
2011.06.01 10:24:46.588,1.39256,1.39294,2.25,2.25
2011.06.01 10:24:46.698,1.39256,1.39294,1.50,2.25
2011.06.01 10:24:48.746,1.39256,1.39294,2.25,2.25
2011.06.01 10:24:49.187,1.39257,1.39294,1.50,2.25
2011.06.01 10:24:49.737,1.39261,1.39294,2.25,2.25
2011.06.01 10:24:50.369,1.3926,1.39294,2.25,2.25
2011.06.01 10:24:50.967,1.39262,1.39294,2.25,2.25
2011.06.01 10:24:51.597,1.39261,1.39294,2.25,1.50
2011.06.01 10:24:52.760,1.39258,1.39294,1.50,2.25
2011.06.01 10:24:52.879,1.39256,1.39294,2.25,2.25
2011.06.01 10:24:53.099,1.39258,1.39294,1.50,2.25
2011.06.01 10:24:53.813,1.39256,1.39294,2.25,2.25
2011.06.01 10:24:54.809,1.39259,1.39294,2.25,2.25
2011.06.01 10:24:55.137,1.39261,1.39294,2.25,2.25
2011.06.01 10:24:55.248,1.39256,1.39294,2.25,2.25
2011.06.01 10:24:55.708,1.39259,1.39294,2.25,2.25
2011.06.01 10:24:56.038,1.39256,1.39294,1.50,2.25
2011.06.01 10:24:56.478,1.3926,1.39294,2.25,2.25
2011.06.01 10:24:56.586,1.3926,1.39294,3.00,1.50
2011.06.01 10:24:56.808,1.39261,1.39294,2.25,2.25
2011.06.01 10:24:57.246,1.39261,1.39294,2.25,2.25
2011.06.01 10:24:57.865,1.39256,1.39294,1.50,2.25
2011.06.01 10:24:57.982,1.39256,1.39294,2.25,2.25
2011.06.01 10:24:58.550,1.39266,1.39297,1.50,1.65
2011.06.01 10:24:58.667,1.39266,1.39299,1.50,1.50
2011.06.01 10:24:58.888,1.39266,1.39299,1.50,1.50
2011.06.01 10:25:00.097,1.39266,1.39301,1.50,1.99
2011.06.01 10:25:00.431,1.39266,1.39298,1.50,1.50
2011.06.01 10:25:01.099,1.39266,1.39297,1.50,1.50
2011.06.01 10:25:04.416,1.39266,1.39297,1.50,1.50
2011.06.01 10:25:04.638,1.39266,1.39297,1.50,1.50
2011.06.01 10:25:04.857,1.39266,1.39298,1.50,1.50
2011.06.01 10:25:10.889,1.39266,1.39298,1.50,1.50
2011.06.01 10:25:11.217,1.39266,1.39298,1.50,1.50
2011.06.01 10:25:11.847,1.39257,1.39293,4.09,1.50
2011.06.01 10:25:12.459,1.39257,1.39293,4.09,1.50
2011.06.01 10:25:12.836,1.39257,1.39293,3.34,2.25
2011.06.01 10:25:13.918,1.39257,1.39293,3.34,2.25
2011.06.01 10:25:14.797,1.39257,1.39292,2.59,1.50
2011.06.01 10:25:14.908,1.39257,1.39292,1.84,1.50
2011.06.01 10:25:16.064,1.39257,1.39292,1.84,1.50
2011.06.01 10:25:16.947,1.39257,1.39292,2.59,1.50
2011.06.01 10:25:17.171,1.39257,1.39292,2.59,1.50
2011.06.01 10:25:17.510,1.39259,1.39292,1.50,1.50
2011.06.01 10:25:18.147,1.39259,1.39292,1.50,1.50
2011.06.01 10:25:18.479,1.39257,1.39289,1.50,2.25
2011.06.01 10:25:18.589,1.3925,1.3929,2.25,1.69
2011.06.01 10:25:18.699,1.3925,1.3929,1.50,1.09
2011.06.01 10:25:19.337,1.3925,1.39284,1.50,1.50
2011.06.01 10:25:19.849,1.39247,1.39284,1.50,2.25
