2014.09.01 16:00:01.204,1.52735,1.52755,1.50,1.50
2014.09.01 16:00:01.560,1.52739,1.52756,1.00,1.00
2014.09.01 16:00:01.662,1.52737,1.52757,1.00,1.25
2014.09.01 16:00:01.764,1.52735,1.52757,2.40,1.25
2014.09.01 16:00:01.918,1.52735,1.52754,2.40,1.00
2014.09.01 16:00:02.447,1.52735,1.52754,2.59,1.00
2014.09.01 16:00:02.897,1.52735,1.52757,2.59,1.00
2014.09.01 16:00:03.368,1.52735,1.52755,2.59,1.00
2014.09.01 16:00:04.113,1.52735,1.52755,1.12,1.00
2014.09.01 16:00:07.974,1.52735,1.52756,1.12,1.25
2014.09.01 16:00:08.506,1.52735,1.52756,1.62,1.00
2014.09.01 16:00:09.393,1.52735,1.52755,1.62,1.00
2014.09.01 16:00:10.513,1.52735,1.52757,1.62,1.00
2014.09.01 16:00:12.482,1.52735,1.52754,1.62,1.00
2014.09.01 16:00:13.154,1.52736,1.52758,1.56,2.51
2014.09.01 16:00:13.657,1.52736,1.52758,1.56,1.76
2014.09.01 16:00:14.668,1.52738,1.52758,1.62,1.10
2014.09.01 16:00:15.172,1.52738,1.52759,1.25,1.32
2014.09.01 16:00:15.692,1.52738,1.5276,1.25,1.19
2014.09.01 16:00:19.350,1.52738,1.5276,1.69,1.19
2014.09.01 16:00:19.899,1.52738,1.5276,1.69,1.25
2014.09.01 16:00:22.500,1.5274,1.52762,1.25,1.76
2014.09.01 16:00:24.566,1.5274,1.52763,2.89,1.25
2014.09.01 16:00:24.977,1.52743,1.52763,1.00,1.25
2014.09.01 16:00:25.569,1.52743,1.52764,1.00,1.19
2014.09.01 16:00:26.679,1.52743,1.52765,1.00,1.69
2014.09.01 16:00:30.479,1.52743,1.52765,1.25,1.69
2014.09.01 16:00:31.999,1.52743,1.52765,1.62,2.44
2014.09.01 16:00:33.788,1.52743,1.52765,1.37,2.44
2014.09.01 16:00:35.511,1.52743,1.52764,1.12,1.19
2014.09.01 16:00:35.844,1.5274,1.52765,3.04,4.31
2014.09.01 16:00:35.896,1.5274,1.52761,2.10,1.19
2014.09.01 16:00:36.050,1.52739,1.52761,1.12,1.56
2014.09.01 16:00:36.102,1.52737,1.52757,2.25,1.25
2014.09.01 16:00:36.457,1.52736,1.52754,1.12,1.00
2014.09.01 16:00:36.660,1.52736,1.52757,1.12,1.25
2014.09.01 16:00:36.942,1.52737,1.52757,1.00,1.25
2014.09.01 16:00:38.412,1.52735,1.52757,1.37,1.25
2014.09.01 16:00:38.915,1.52735,1.52757,1.62,1.19
2014.09.01 16:00:39.816,1.52735,1.52757,1.25,1.31
2014.09.01 16:00:40.020,1.52734,1.52754,1.20,1.00
2014.09.01 16:00:40.326,1.5273,1.52752,2.59,1.00
2014.09.01 16:00:41.037,1.5273,1.52752,1.84,1.19
2014.09.01 16:00:43.013,1.5273,1.52752,1.17,1.25
2014.09.01 16:00:45.118,1.5273,1.52752,1.17,1.19
2014.09.01 16:00:46.690,1.5273,1.5275,1.07,1.00
2014.09.01 16:00:46.893,1.52727,1.52748,1.66,1.00
2014.09.01 16:00:47.442,1.52726,1.52748,1.84,1.19
2014.09.01 16:00:47.974,1.52726,1.52748,1.09,1.19
2014.09.01 16:00:48.391,1.52728,1.52749,1.87,1.19
2014.09.01 16:00:48.442,1.5273,1.52751,1.12,1.19
2014.09.01 16:00:48.950,1.5273,1.52752,1.37,1.19
2014.09.01 16:00:49.463,1.5273,1.52752,1.57,1.19
2014.09.01 16:00:49.514,1.5273,1.52752,1.55,1.19
2014.09.01 16:00:49.666,1.5273,1.52752,2.89,1.00
2014.09.01 16:00:49.825,1.52732,1.52752,1.09,1.00
2014.09.01 16:00:51.978,1.52734,1.52756,2.14,1.19
2014.09.01 16:00:52.983,1.52734,1.52757,1.95,1.19
2014.09.01 16:00:58.030,1.52734,1.52757,2.51,1.19
2014.09.01 16:00:59.378,1.52737,1.52759,1.37,1.69
2014.09.01 16:01:01.044,1.52737,1.52759,1.00,2.81
2014.09.01 16:01:01.664,1.52737,1.52759,1.00,2.81
2014.09.01 16:01:03.293,1.52734,1.52758,1.76,1.31
2014.09.01 16:01:05.269,1.52734,1.52758,1.76,2.06
2014.09.01 16:01:06.006,1.52734,1.52758,2.14,1.19
2014.09.01 16:01:06.396,1.52735,1.52758,1.62,1.25
2014.09.01 16:01:08.400,1.52737,1.52759,1.37,1.69
2014.09.01 16:01:09.078,1.52739,1.5276,1.62,1.25
2014.09.01 16:01:20.124,1.52739,1.5276,1.31,1.31
2014.09.01 16:01:20.690,1.52737,1.52759,1.74,1.00
2014.09.01 16:01:21.147,1.5274,1.52759,2.02,1.00
2014.09.01 16:01:21.249,1.52741,1.52762,2.21,1.00
2014.09.01 16:01:21.757,1.52743,1.52763,2.06,1.00
2014.09.01 16:01:21.859,1.52743,1.52767,2.06,2.81
2014.09.01 16:01:22.063,1.52743,1.52767,2.96,2.44
2014.09.01 16:01:22.941,1.52743,1.52767,2.06,2.81
2014.09.01 16:01:24.914,1.52743,1.52767,2.06,2.44
2014.09.01 16:01:26.057,1.52743,1.52767,2.06,2.44
2014.09.01 16:01:27.170,1.52743,1.52767,2.44,2.25
2014.09.01 16:01:28.662,1.52743,1.52767,2.44,2.44
2014.09.01 16:01:29.626,1.52743,1.52767,2.44,2.44
2014.09.01 16:01:32.121,1.52742,1.52764,1.01,1.00
2014.09.01 16:01:32.528,1.5274,1.52762,1.46,1.00
2014.09.01 16:01:32.579,1.52739,1.52762,2.36,1.00
2014.09.01 16:01:33.087,1.5274,1.52762,1.09,1.00
2014.09.01 16:01:33.565,1.5274,1.52762,3.11,1.00
2014.09.01 16:01:33.768,1.52741,1.52765,3.04,2.44
2014.09.01 16:01:35.259,1.52743,1.52765,1.19,1.50
2014.09.01 16:01:37.447,1.52742,1.52765,1.76,1.50
2014.09.01 16:01:37.980,1.52742,1.52765,1.84,1.50
2014.09.01 16:01:38.372,1.52742,1.52763,1.84,1.00
2014.09.01 16:01:38.474,1.52742,1.52765,1.84,2.25
2014.09.01 16:01:38.949,1.52742,1.52765,1.76,2.25
2014.09.01 16:01:39.991,1.52742,1.52765,1.76,1.50
2014.09.01 16:01:42.029,1.52746,1.52765,1.20,1.50
2014.09.01 16:01:42.539,1.52747,1.52765,1.20,1.50
2014.09.01 16:01:44.114,1.52747,1.52767,1.20,1.00
2014.09.01 16:01:45.543,1.52749,1.52767,1.00,1.00
2014.09.01 16:01:45.695,1.52749,1.52769,1.00,1.25
2014.09.01 16:01:45.746,1.52746,1.52767,1.69,1.00
2014.09.01 16:01:47.549,1.52751,1.52769,1.20,1.19
2014.09.01 16:01:47.600,1.52751,1.52769,1.20,1.00
2014.09.01 16:01:47.652,1.52749,1.52769,1.31,1.00
2014.09.01 16:01:47.754,1.52749,1.52771,1.31,1.10
2014.09.01 16:01:48.569,1.5275,1.52771,2.02,1.10
2014.09.01 16:01:48.772,1.5275,1.52771,2.21,1.10
2014.09.01 16:01:49.975,1.5275,1.52771,2.21,1.10
2014.09.01 16:01:56.612,1.52749,1.52771,1.69,1.00
2014.09.01 16:01:57.020,1.52749,1.52771,1.31,1.00
2014.09.01 16:01:57.589,1.52749,1.52771,1.31,1.25
2014.09.01 16:02:01.300,1.52749,1.52771,1.31,1.00
2014.09.01 16:02:08.304,1.52749,1.5277,1.56,1.00
2014.09.01 16:02:09.331,1.52749,1.5277,1.31,1.00
2014.09.01 16:02:10.320,1.52749,1.5277,1.31,1.00
2014.09.01 16:02:10.929,1.52749,1.52771,1.31,1.25
2014.09.01 16:02:11.818,1.52749,1.52771,1.31,1.19
2014.09.01 16:02:13.754,1.52749,1.52771,1.31,1.00
2014.09.01 16:02:16.513,1.5275,1.52772,1.00,1.31
2014.09.01 16:02:16.670,1.52747,1.52771,4.54,1.87
2014.09.01 16:02:17.177,1.52747,1.52769,1.01,2.44
2014.09.01 16:02:17.690,1.52745,1.52769,2.74,3.19
2014.09.01 16:02:19.941,1.52748,1.52769,1.00,1.19
2014.09.01 16:02:20.093,1.52748,1.5277,1.25,1.00
2014.09.01 16:02:21.352,1.52748,1.5277,1.69,1.00
2014.09.01 16:02:23.104,1.52748,1.5277,2.44,1.00
2014.09.01 16:02:25.228,1.52748,1.5277,2.06,1.00
2014.09.01 16:02:28.556,1.52748,1.5277,1.94,1.00
2014.09.01 16:02:30.199,1.52748,1.52767,1.56,1.00
2014.09.01 16:02:30.301,1.52748,1.5277,1.56,1.25
2014.09.01 16:02:32.384,1.52748,1.52769,1.56,1.00
2014.09.01 16:02:33.303,1.52748,1.5277,1.56,1.25
2014.09.01 16:02:35.378,1.52748,1.5277,1.25,1.00
2014.09.01 16:02:36.483,1.52748,1.52769,1.00,1.00
2014.09.01 16:02:37.481,1.52747,1.52768,1.46,1.00
2014.09.01 16:02:38.268,1.52747,1.52768,1.39,1.00
2014.09.01 16:02:38.815,1.52747,1.52768,1.09,1.00
2014.09.01 16:02:41.383,1.52746,1.52768,2.29,1.00
2014.09.01 16:02:42.049,1.52746,1.52767,1.54,1.50
2014.09.01 16:02:42.485,1.52746,1.52767,1.54,1.50
2014.09.01 16:02:44.637,1.5275,1.52767,1.20,1.00
2014.09.01 16:02:44.961,1.5275,1.52769,2.21,1.00
2014.09.01 16:02:45.063,1.52751,1.52771,1.57,1.25
2014.09.01 16:02:45.316,1.52752,1.52773,1.57,1.31
2014.09.01 16:02:45.423,1.52752,1.52773,1.76,1.12
2014.09.01 16:02:51.095,1.52752,1.52774,2.06,1.00
2014.09.01 16:02:56.779,1.52752,1.52774,2.06,1.00
2014.09.01 16:03:03.429,1.52752,1.52775,2.59,1.50
2014.09.01 16:03:03.963,1.52752,1.52774,3.49,1.00
2014.09.01 16:03:04.802,1.52752,1.52775,3.49,1.50
2014.09.01 16:03:06.285,1.52752,1.52775,3.11,1.50
2014.09.01 16:03:07.472,1.52752,1.52775,3.11,1.69
2014.09.01 16:03:08.591,1.52752,1.52774,2.36,1.25
2014.09.01 16:03:09.939,1.52752,1.52774,1.74,1.00
2014.09.01 16:03:09.990,1.52752,1.52773,1.55,1.19
2014.09.01 16:03:10.041,1.52749,1.52773,3.19,1.69
2014.09.01 16:03:10.244,1.52748,1.5277,2.06,1.00
2014.09.01 16:03:11.067,1.52748,1.5277,1.62,1.00
2014.09.01 16:03:13.650,1.52752,1.52772,1.57,1.50
2014.09.01 16:03:13.704,1.52752,1.52772,1.27,1.50
2014.09.01 16:03:14.438,1.52752,1.52774,2.02,1.69
2014.09.01 16:03:20.152,1.52752,1.52774,1.19,1.00
2014.09.01 16:03:20.661,1.52753,1.52775,1.56,2.51
2014.09.01 16:03:21.237,1.52753,1.52773,1.46,1.00
2014.09.01 16:03:21.289,1.52753,1.52773,1.09,1.00
2014.09.01 16:03:21.967,1.52753,1.52773,1.39,1.00
2014.09.01 16:03:23.592,1.52751,1.52773,2.96,1.00
2014.09.01 16:03:24.243,1.52753,1.52774,1.56,1.00
2014.09.01 16:03:25.120,1.52753,1.52773,1.37,1.19
2014.09.01 16:03:25.171,1.5275,1.52772,1.19,1.77
2014.09.01 16:03:25.374,1.52747,1.52768,1.19,1.00
2014.09.01 16:03:26.395,1.52747,1.52768,1.19,1.00
2014.09.01 16:03:29.479,1.52746,1.52768,2.96,1.00
2014.09.01 16:03:30.530,1.52746,1.52768,2.44,1.00
2014.09.01 16:03:44.709,1.52746,1.52768,2.96,1.00
2014.09.01 16:03:46.239,1.52746,1.52768,2.89,1.00
2014.09.01 16:03:49.060,1.52748,1.52769,1.25,1.00
2014.09.01 16:03:49.820,1.52748,1.5277,1.19,1.00
2014.09.01 16:03:51.322,1.52748,1.5277,1.19,1.25
2014.09.01 16:03:52.724,1.52748,1.5277,1.19,1.00
2014.09.01 16:03:53.806,1.52748,1.52764,1.19,1.00
2014.09.01 16:03:53.857,1.52748,1.52764,1.00,1.00
2014.09.01 16:03:53.908,1.52747,1.52768,1.00,1.31
2014.09.01 16:03:53.959,1.52746,1.52767,1.00,1.19
2014.09.01 16:03:54.316,1.52742,1.52764,1.62,1.69
2014.09.01 16:03:55.722,1.5274,1.52764,2.44,2.44
2014.09.01 16:03:56.231,1.5274,1.52764,2.44,2.81
2014.09.01 16:03:56.965,1.5274,1.52764,2.44,2.81
2014.09.01 16:03:57.786,1.52739,1.52761,4.09,1.00
2014.09.01 16:03:59.427,1.52739,1.52761,1.00,1.25
2014.09.01 16:03:59.961,1.52739,1.52761,1.00,1.39
2014.09.01 16:04:00.546,1.52739,1.52761,1.00,1.39
2014.09.01 16:04:01.047,1.52736,1.52758,2.06,1.37
2014.09.01 16:04:01.250,1.52736,1.52758,2.44,1.37
2014.09.01 16:04:01.649,1.52736,1.52758,1.50,1.56
2014.09.01 16:04:02.652,1.52736,1.52758,1.31,1.00
2014.09.01 16:04:03.696,1.52736,1.52758,2.44,1.00
2014.09.01 16:04:04.858,1.52736,1.52758,1.56,1.00
2014.09.01 16:04:07.439,1.52737,1.5276,3.04,1.29
2014.09.01 16:04:07.744,1.52738,1.52761,1.56,1.50
2014.09.01 16:04:09.660,1.52741,1.52763,1.25,1.19
2014.09.01 16:04:10.686,1.52741,1.52764,1.25,1.69
2014.09.01 16:04:11.675,1.52741,1.52764,1.19,1.69
2014.09.01 16:04:17.889,1.52741,1.52764,1.31,1.19
2014.09.01 16:04:20.641,1.52741,1.52764,1.31,1.25
2014.09.01 16:04:21.713,1.52741,1.52764,1.31,1.19
2014.09.01 16:04:23.207,1.52741,1.52764,1.31,1.00
2014.09.01 16:04:24.601,1.52741,1.52764,1.31,1.25
2014.09.01 16:04:25.804,1.52741,1.52764,1.31,1.00
2014.09.01 16:04:26.337,1.52743,1.52765,1.00,1.25
2014.09.01 16:04:28.107,1.52743,1.52765,1.25,1.19
2014.09.01 16:04:29.119,1.52743,1.52765,1.31,1.25
2014.09.01 16:04:29.689,1.52745,1.52765,1.00,1.25
2014.09.01 16:04:32.652,1.52746,1.52766,1.19,1.00
2014.09.01 16:04:32.703,1.52746,1.52769,1.19,1.69
2014.09.01 16:04:32.863,1.52746,1.52769,1.69,1.50
2014.09.01 16:04:34.020,1.52749,1.52769,1.39,1.50
2014.09.01 16:04:34.717,1.52749,1.5277,1.39,1.00
2014.09.01 16:04:37.056,1.52751,1.52773,1.19,1.25
2014.09.01 16:04:39.531,1.52751,1.52773,1.19,1.00
2014.09.01 16:04:42.608,1.52752,1.52774,1.29,1.10
2014.09.01 16:04:42.723,1.52752,1.52776,1.76,1.69
2014.09.01 16:04:44.794,1.52752,1.52776,1.39,1.50
2014.09.01 16:04:44.896,1.52752,1.52774,1.39,1.00
2014.09.01 16:04:45.430,1.52751,1.52773,1.31,1.00
2014.09.01 16:04:45.481,1.52751,1.52773,1.31,1.25
2014.09.01 16:04:46.466,1.52751,1.52773,1.25,1.62
2014.09.01 16:04:48.954,1.52751,1.52772,1.00,1.31
2014.09.01 16:04:49.956,1.52751,1.52772,1.00,2.51
2014.09.01 16:04:53.063,1.52751,1.52772,1.00,2.06
2014.09.01 16:04:54.679,1.52751,1.52772,1.31,1.00
2014.09.01 16:04:55.218,1.52751,1.52771,1.31,1.00
2014.09.01 16:04:55.855,1.52751,1.52773,1.31,1.19
2014.09.01 16:04:56.918,1.52751,1.52773,1.31,1.25
2014.09.01 16:04:58.073,1.52751,1.52773,1.31,1.19
2014.09.01 16:04:59.276,1.52751,1.52773,1.31,1.25
2014.09.01 16:05:01.302,1.52749,1.52773,2.29,1.19
2014.09.01 16:05:03.885,1.52749,1.52773,2.29,1.19
2014.09.01 16:05:04.988,1.52749,1.52773,2.21,1.34
2014.09.01 16:05:11.801,1.52749,1.52773,2.59,1.40
2014.09.01 16:05:15.119,1.52749,1.52773,1.31,1.34
2014.09.01 16:05:15.668,1.52749,1.5277,1.31,1.00
2014.09.01 16:05:16.937,1.52749,1.52771,1.19,1.25
2014.09.01 16:05:17.581,1.52749,1.52771,1.00,1.25
2014.09.01 16:05:20.868,1.52749,1.52771,1.19,1.25
2014.09.01 16:05:29.645,1.5275,1.52771,1.25,2.06
2014.09.01 16:05:37.852,1.52749,1.52771,1.69,1.87
2014.09.01 16:05:38.737,1.52749,1.52771,1.25,1.50
2014.09.01 16:05:39.451,1.52749,1.52771,1.19,1.69
2014.09.01 16:05:40.917,1.52749,1.5277,1.19,1.00
2014.09.01 16:05:43.456,1.52749,1.5277,1.00,1.00
2014.09.01 16:05:57.581,1.52747,1.52769,2.59,1.00
2014.09.01 16:05:58.758,1.52747,1.52769,2.66,1.00
2014.09.01 16:06:18.631,1.52747,1.52769,3.41,1.37
2014.09.01 16:06:18.980,1.52747,1.52769,2.74,1.37
2014.09.01 16:06:23.362,1.52747,1.52769,1.99,1.00
2014.09.01 16:06:26.122,1.52747,1.5277,1.54,2.06
2014.09.01 16:06:32.597,1.52747,1.52769,1.54,1.00
2014.09.01 16:06:34.776,1.52748,1.52769,1.56,1.00
2014.09.01 16:06:35.798,1.52748,1.52769,1.56,1.00
2014.09.01 16:06:38.971,1.52748,1.52769,1.34,1.00
2014.09.01 16:06:39.476,1.52748,1.52769,1.34,1.00
2014.09.01 16:06:46.573,1.52747,1.52769,2.51,1.69
2014.09.01 16:06:47.189,1.52746,1.52767,1.84,1.00
2014.09.01 16:06:47.392,1.52743,1.52765,2.96,1.00
2014.09.01 16:06:47.725,1.52743,1.52765,2.21,1.00
2014.09.01 16:06:48.721,1.52743,1.52765,2.21,1.19
2014.09.01 16:06:50.328,1.52743,1.52765,1.46,1.25
2014.09.01 16:07:01.018,1.52745,1.52768,1.05,2.81
2014.09.01 16:07:01.852,1.52745,1.52768,1.24,2.06
2014.09.01 16:07:03.106,1.52745,1.52768,1.24,2.06
2014.09.01 16:07:06.451,1.52745,1.52768,1.24,1.87
2014.09.01 16:07:09.419,1.52745,1.52768,1.39,1.87
2014.09.01 16:07:10.351,1.52745,1.52765,1.39,1.00
2014.09.01 16:07:10.454,1.52745,1.52765,1.39,1.00
2014.09.01 16:07:10.557,1.52744,1.52768,2.81,1.87
2014.09.01 16:07:11.556,1.52744,1.52767,2.81,1.01
2014.09.01 16:07:12.576,1.52744,1.52767,2.81,1.01
2014.09.01 16:07:13.463,1.52744,1.52766,2.06,1.00
2014.09.01 16:07:14.023,1.52744,1.52766,1.31,1.69
2014.09.01 16:07:15.649,1.52744,1.52766,1.31,1.50
2014.09.01 16:07:16.360,1.52744,1.52765,1.31,1.00
2014.09.01 16:07:17.467,1.52742,1.52765,4.09,1.00
2014.09.01 16:07:21.875,1.52745,1.52766,1.00,1.69
2014.09.01 16:07:23.952,1.52745,1.52766,1.00,1.69
2014.09.01 16:07:24.742,1.52745,1.52766,1.00,2.06
2014.09.01 16:07:25.425,1.52742,1.52765,3.71,1.62
2014.09.01 16:07:25.941,1.52742,1.52765,2.59,1.62
2014.09.01 16:07:35.165,1.52742,1.52766,3.71,2.06
2014.09.01 16:07:38.870,1.52742,1.52766,3.34,1.87
2014.09.01 16:07:43.714,1.52742,1.52766,2.59,1.31
2014.09.01 16:08:04.447,1.52742,1.52764,2.59,1.00
2014.09.01 16:08:06.882,1.52742,1.52764,2.21,1.00
2014.09.01 16:08:09.373,1.52742,1.52766,1.84,1.31
2014.09.01 16:08:10.042,1.52742,1.52766,3.49,1.31
2014.09.01 16:08:11.544,1.52742,1.52766,4.24,2.06
2014.09.01 16:08:14.309,1.52742,1.52766,4.61,2.06
2014.09.01 16:08:15.151,1.52742,1.52765,2.02,1.31
2014.09.01 16:08:15.355,1.52739,1.52761,2.59,1.00
2014.09.01 16:08:16.254,1.52739,1.52761,1.69,1.25
2014.09.01 16:08:22.266,1.52739,1.52761,1.69,1.00
2014.09.01 16:08:25.974,1.52739,1.52761,1.69,1.00
2014.09.01 16:08:26.424,1.52739,1.52759,1.69,1.00
2014.09.01 16:08:26.975,1.52739,1.52759,1.69,1.00
2014.09.01 16:08:27.633,1.52739,1.52761,2.06,1.00
2014.09.01 16:08:28.277,1.52739,1.52761,2.06,1.00
2014.09.01 16:08:29.379,1.52739,1.52761,2.06,1.00
2014.09.01 16:08:32.684,1.52739,1.52761,2.06,1.25
2014.09.01 16:08:36.393,1.5274,1.52763,2.06,1.01
2014.09.01 16:08:40.100,1.5274,1.52762,1.50,1.01
2014.09.01 16:08:40.462,1.52739,1.52761,2.29,1.00
2014.09.01 16:08:43.266,1.52742,1.52763,1.00,1.64
2014.09.01 16:08:45.638,1.52742,1.52763,1.25,1.25
2014.09.01 16:08:47.413,1.52742,1.52763,1.00,1.19
2014.09.01 16:08:55.377,1.52742,1.52763,1.00,1.12
2014.09.01 16:09:02.073,1.52744,1.52764,1.50,1.37
2014.09.01 16:09:02.175,1.52742,1.52764,3.04,1.50
2014.09.01 16:09:02.276,1.52744,1.52764,1.00,1.87
2014.09.01 16:09:02.479,1.52742,1.52764,1.01,1.50
2014.09.01 16:09:03.272,1.52742,1.52764,1.01,1.69
2014.09.01 16:09:05.648,1.52742,1.52764,1.10,1.25
2014.09.01 16:09:07.276,1.52742,1.52764,1.29,1.25
2014.09.01 16:09:10.398,1.52744,1.52766,1.65,1.19
2014.09.01 16:09:10.703,1.52744,1.52767,1.84,1.25
2014.09.01 16:09:16.787,1.52746,1.52767,1.19,1.00
2014.09.01 16:09:18.298,1.52746,1.52767,1.25,1.00
2014.09.01 16:09:22.132,1.52746,1.52767,1.39,1.00
2014.09.01 16:09:22.653,1.52747,1.52768,1.25,1.25
2014.09.01 16:09:26.764,1.52747,1.52769,1.25,1.00
2014.09.01 16:09:28.523,1.52747,1.52769,1.19,1.00
2014.09.01 16:09:29.522,1.52747,1.52769,1.19,1.50
2014.09.01 16:09:30.058,1.52748,1.5277,2.66,1.00
2014.09.01 16:09:33.831,1.52749,1.5277,1.19,1.00
2014.09.01 16:09:38.615,1.52749,1.52769,1.19,1.00
2014.09.01 16:09:39.352,1.52749,1.5277,1.19,1.00
2014.09.01 16:09:40.466,1.52749,1.5277,1.31,1.00
2014.09.01 16:09:41.545,1.52749,1.5277,1.31,1.00
2014.09.01 16:09:42.948,1.52749,1.5277,1.31,1.50
2014.09.01 16:09:45.984,1.5275,1.52772,1.25,1.00
2014.09.01 16:09:46.085,1.5275,1.52772,1.19,1.00
2014.09.01 16:09:47.356,1.5275,1.52772,1.25,1.00
2014.09.01 16:09:54.170,1.5275,1.52772,1.19,1.00
2014.09.01 16:09:55.573,1.5275,1.52772,1.19,1.25
2014.09.01 16:09:56.574,1.5275,1.52772,1.19,1.00
2014.09.01 16:09:57.702,1.5275,1.52772,1.25,1.00
2014.09.01 16:10:01.394,1.5275,1.52772,1.19,1.25
2014.09.01 16:10:05.694,1.5275,1.52772,1.25,1.00
2014.09.01 16:10:06.698,1.5275,1.52772,1.19,1.25
2014.09.01 16:10:12.706,1.5275,1.52772,1.19,1.00
2014.09.01 16:10:12.931,1.5275,1.5277,1.19,1.00
2014.09.01 16:10:13.128,1.5275,1.52772,1.19,1.00
2014.09.01 16:10:14.927,1.5275,1.52772,1.19,1.25
2014.09.01 16:10:17.516,1.5275,1.52772,1.25,1.00
2014.09.01 16:10:21.524,1.5275,1.52772,1.19,1.00
2014.09.01 16:10:22.625,1.5275,1.52772,1.19,1.25
2014.09.01 16:10:24.648,1.52752,1.52774,1.00,2.44
2014.09.01 16:10:24.953,1.52754,1.52776,1.00,2.44
2014.09.01 16:10:25.131,1.52754,1.52776,1.00,1.69
2014.09.01 16:10:29.018,1.52752,1.52774,2.21,1.25
2014.09.01 16:10:29.323,1.5275,1.52769,1.19,1.00
2014.09.01 16:10:29.374,1.5275,1.52769,1.00,1.00
2014.09.01 16:10:29.476,1.52748,1.52769,1.91,1.12
2014.09.01 16:10:29.527,1.52746,1.52764,1.69,1.00
2014.09.01 16:10:29.578,1.52746,1.52764,1.12,1.00
2014.09.01 16:10:30.136,1.52743,1.52764,2.44,1.00
2014.09.01 16:10:30.679,1.52742,1.52764,1.19,2.25
2014.09.01 16:10:31.948,1.52742,1.52764,1.19,2.44
2014.09.01 16:10:33.056,1.52742,1.52762,1.19,1.00
2014.09.01 16:10:33.158,1.5274,1.52761,1.91,1.25
2014.09.01 16:10:33.716,1.52737,1.5276,2.44,1.00
2014.09.01 16:10:33.768,1.52737,1.5276,2.25,1.56
2014.09.01 16:10:33.869,1.52737,1.52758,1.12,1.56
2014.09.01 16:10:34.174,1.52732,1.52754,1.69,1.50
2014.09.01 16:10:34.681,1.52732,1.52754,1.12,1.69
2014.09.01 16:10:35.659,1.52732,1.52754,1.19,1.69
2014.09.01 16:10:36.161,1.52732,1.52754,1.56,1.25
2014.09.01 16:10:36.262,1.52732,1.52754,1.56,1.00
2014.09.01 16:10:36.465,1.52733,1.52756,2.06,1.00
2014.09.01 16:10:36.971,1.52736,1.52758,2.06,1.31
2014.09.01 16:10:37.565,1.52736,1.52758,2.06,1.25
2014.09.01 16:10:38.496,1.52736,1.52756,1.12,1.19
2014.09.01 16:10:38.623,1.52733,1.52753,1.00,1.25
2014.09.01 16:10:38.676,1.52731,1.52753,1.87,1.19
2014.09.01 16:10:39.772,1.52731,1.52751,1.50,1.25
2014.09.01 16:10:40.279,1.52731,1.52753,1.12,1.69
2014.09.01 16:10:41.021,1.52731,1.52753,1.50,1.25
2014.09.01 16:10:41.996,1.52731,1.52753,1.00,1.19
2014.09.01 16:10:43.280,1.52731,1.52753,1.00,1.25
2014.09.01 16:10:44.382,1.52731,1.52753,1.00,1.19
2014.09.01 16:10:45.598,1.52731,1.52753,1.25,1.19
2014.09.01 16:10:47.288,1.52731,1.52753,1.19,1.25
2014.09.01 16:10:48.489,1.52731,1.52753,1.25,1.00
2014.09.01 16:10:49.063,1.52731,1.52753,2.59,1.00
2014.09.01 16:10:49.418,1.52734,1.52756,1.91,1.00
2014.09.01 16:10:49.703,1.52734,1.52758,2.66,1.69
2014.09.01 16:10:50.718,1.52734,1.52758,2.66,1.69
2014.09.01 16:10:51.246,1.52734,1.52755,2.66,1.00
2014.09.01 16:10:52.900,1.52734,1.52755,2.66,1.00
2014.09.01 16:10:54.835,1.52734,1.52756,2.66,1.50
2014.09.01 16:10:56.746,1.52734,1.52756,1.29,1.69
2014.09.01 16:10:59.514,1.52734,1.52756,1.10,1.69
2014.09.01 16:11:00.865,1.52734,1.52754,1.10,1.00
2014.09.01 16:11:03.219,1.52734,1.52754,1.91,1.00
2014.09.01 16:11:03.775,1.52734,1.52756,1.49,1.69
2014.09.01 16:11:03.962,1.5274,1.52756,1.00,1.00
2014.09.01 16:11:04.013,1.52741,1.5276,1.00,1.69
2014.09.01 16:11:04.166,1.52741,1.52763,1.29,2.51
2014.09.01 16:11:04.672,1.52743,1.52765,1.12,1.19
2014.09.01 16:11:04.982,1.52744,1.52767,1.07,1.69
2014.09.01 16:11:05.033,1.52744,1.52767,1.26,1.19
2014.09.01 16:11:05.545,1.52744,1.52765,1.26,1.00
2014.09.01 16:11:11.133,1.52743,1.52764,1.56,1.50
2014.09.01 16:11:11.746,1.52742,1.52764,1.19,1.69
2014.09.01 16:11:12.740,1.52742,1.52764,1.25,1.69
2014.09.01 16:11:23.341,1.5274,1.5276,2.74,1.00
2014.09.01 16:11:23.906,1.52739,1.5276,2.81,2.06
2014.09.01 16:11:23.957,1.52739,1.5276,1.31,2.81
2014.09.01 16:11:24.109,1.52739,1.52758,1.31,1.00
2014.09.01 16:11:26.811,1.52736,1.52758,1.36,1.50
2014.09.01 16:11:27.685,1.52735,1.52758,2.36,1.50
2014.09.01 16:11:31.893,1.52735,1.52758,1.71,1.50
2014.09.01 16:11:32.415,1.52735,1.52758,1.71,1.50
2014.09.01 16:11:33.431,1.52736,1.52758,1.36,1.50
2014.09.01 16:11:42.393,1.52738,1.5276,1.25,2.44
2014.09.01 16:11:43.042,1.52739,1.5276,1.00,1.69
2014.09.01 16:11:43.552,1.52738,1.5276,1.25,1.50
2014.09.01 16:11:44.516,1.52738,1.5276,1.69,1.69
2014.09.01 16:11:45.024,1.52739,1.52763,2.21,2.06
2014.09.01 16:11:45.819,1.52739,1.52763,2.21,2.06
2014.09.01 16:11:49.826,1.52739,1.52763,2.59,2.06
2014.09.01 16:11:50.574,1.52739,1.52763,2.21,2.06
2014.09.01 16:12:00.694,1.52739,1.52763,2.21,2.06
2014.09.01 16:12:03.650,1.52739,1.52763,2.21,2.06
2014.09.01 16:12:04.214,1.52739,1.52763,2.21,2.06
2014.09.01 16:12:05.512,1.52739,1.52763,2.89,2.06
2014.09.01 16:12:07.429,1.52739,1.52763,2.89,2.06
2014.09.01 16:12:08.860,1.52739,1.52763,2.89,2.06
2014.09.01 16:12:10.863,1.52739,1.52763,2.89,2.06
2014.09.01 16:12:12.065,1.52739,1.52763,2.89,2.06
2014.09.01 16:12:18.424,1.5274,1.52763,2.81,1.56
2014.09.01 16:12:19.223,1.52742,1.52764,1.12,2.06
2014.09.01 16:12:20.214,1.52742,1.52764,1.31,1.87
2014.09.01 16:12:21.343,1.52742,1.52764,1.46,1.87
2014.09.01 16:12:41.281,1.52743,1.52764,1.19,1.12
2014.09.01 16:12:43.527,1.52743,1.52764,1.25,1.31
2014.09.01 16:12:48.750,1.52743,1.52764,1.19,1.12
2014.09.01 16:12:50.941,1.52743,1.52765,1.25,1.37
2014.09.01 16:12:55.397,1.52743,1.52765,1.62,1.12
2014.09.01 16:12:56.195,1.52744,1.52767,2.21,1.01
2014.09.01 16:13:05.597,1.52744,1.52763,1.95,1.00
2014.09.01 16:13:05.648,1.52741,1.52763,3.56,1.00
2014.09.01 16:13:05.699,1.52741,1.52761,1.94,1.00
2014.09.01 16:13:05.750,1.52739,1.52761,1.99,1.00
2014.09.01 16:13:05.902,1.52741,1.52763,1.69,1.12
2014.09.01 16:13:06.413,1.52743,1.52765,1.65,1.62
2014.09.01 16:13:07.020,1.52743,1.52765,1.84,1.37
2014.09.01 16:13:08.004,1.52743,1.52765,2.59,1.37
2014.09.01 16:13:09.002,1.52743,1.52765,2.59,1.37
2014.09.01 16:13:09.519,1.52743,1.52765,3.34,1.00
2014.09.01 16:13:11.541,1.52743,1.52768,3.34,1.83
2014.09.01 16:13:12.293,1.52743,1.52768,4.09,2.08
2014.09.01 16:13:13.413,1.52743,1.52768,3.71,1.58
2014.09.01 16:13:21.010,1.52743,1.52768,3.71,1.58
2014.09.01 16:13:21.416,1.52745,1.52765,2.06,1.00
2014.09.01 16:13:28.010,1.52745,1.52765,2.21,1.00
2014.09.01 16:13:28.652,1.52745,1.52767,2.21,1.10
2014.09.01 16:13:29.213,1.52746,1.52769,2.14,1.56
2014.09.01 16:13:30.516,1.52746,1.52769,2.14,1.62
2014.09.01 16:13:30.567,1.52746,1.52769,2.14,1.31
2014.09.01 16:13:31.657,1.52746,1.52769,2.51,1.70
2014.09.01 16:13:32.211,1.52746,1.52769,2.51,1.45
2014.09.01 16:13:34.566,1.52746,1.52769,2.14,1.00
2014.09.01 16:13:36.029,1.52746,1.52767,1.29,1.00
2014.09.01 16:13:37.829,1.52745,1.52767,1.46,1.00
2014.09.01 16:13:38.931,1.52745,1.52767,1.46,1.00
2014.09.01 16:13:41.841,1.52745,1.52767,1.46,1.00
2014.09.01 16:13:45.342,1.52745,1.52767,1.46,1.00
2014.09.01 16:13:46.345,1.52745,1.52767,1.46,1.20
2014.09.01 16:13:46.649,1.52745,1.52769,1.46,1.87
2014.09.01 16:13:52.590,1.52747,1.52769,1.62,1.12
2014.09.01 16:13:53.653,1.52747,1.5277,1.25,2.06
2014.09.01 16:13:54.959,1.52747,1.5277,1.19,1.87
2014.09.01 16:13:57.963,1.52747,1.5277,1.19,2.06
2014.09.01 16:14:00.198,1.52747,1.52769,1.56,2.02
2014.09.01 16:14:00.351,1.52747,1.52765,1.56,1.00
2014.09.01 16:14:00.551,1.52747,1.52769,1.56,1.12
2014.09.01 16:14:00.704,1.52747,1.52764,1.56,1.00
2014.09.01 16:14:01.206,1.52747,1.52764,1.62,1.00
2014.09.01 16:14:09.571,1.52747,1.52769,1.19,2.51
2014.09.01 16:14:11.186,1.52747,1.52768,1.25,1.62
2014.09.01 16:14:14.792,1.52747,1.52768,1.19,1.83
2014.09.01 16:14:15.821,1.52747,1.52768,1.25,1.37
2014.09.01 16:14:18.399,1.52747,1.52769,1.69,1.62
2014.09.01 16:14:19.621,1.52747,1.52768,1.69,1.91
2014.09.01 16:14:20.422,1.52747,1.52768,1.69,1.01
2014.09.01 16:14:22.917,1.52747,1.52765,1.00,1.00
2014.09.01 16:14:23.018,1.52747,1.52765,1.00,1.87
2014.09.01 16:14:23.121,1.52742,1.52764,2.21,1.56
2014.09.01 16:14:23.801,1.52743,1.52764,1.52,1.56
2014.09.01 16:14:24.346,1.52743,1.52759,1.52,1.00
2014.09.01 16:14:24.448,1.52743,1.52764,1.15,2.06
2014.09.01 16:14:27.974,1.52744,1.52766,1.10,1.56
2014.09.01 16:14:36.737,1.52744,1.52766,1.10,1.56
2014.09.01 16:14:40.343,1.52744,1.52766,1.10,2.81
2014.09.01 16:14:41.345,1.52744,1.52766,1.10,2.06
2014.09.01 16:14:43.571,1.52744,1.52764,1.10,1.56
2014.09.01 16:14:44.580,1.52744,1.52764,1.10,1.62
2014.09.01 16:14:45.124,1.52744,1.52764,1.10,1.62
2014.09.01 16:14:47.192,1.52744,1.52764,1.10,1.56
2014.09.01 16:14:48.846,1.52744,1.52766,1.07,2.06
2014.09.01 16:14:51.565,1.52744,1.52765,1.17,1.56
2014.09.01 16:14:52.968,1.52744,1.52764,1.17,1.19
2014.09.01 16:14:54.270,1.52744,1.52764,1.17,1.25
2014.09.01 16:14:56.394,1.52744,1.52765,1.17,1.25
2014.09.01 16:14:58.607,1.52744,1.52765,1.17,1.19
2014.09.01 16:14:59.681,1.52744,1.52765,1.17,1.56
2014.09.01 16:15:01.093,1.52741,1.52765,1.69,2.81
2014.09.01 16:15:01.144,1.52741,1.52761,1.69,1.00
2014.09.01 16:15:01.500,1.52738,1.52762,2.59,1.56
2014.09.01 16:15:03.227,1.52738,1.52762,1.65,1.69
2014.09.01 16:15:03.329,1.52738,1.52761,1.57,1.31
2014.09.01 16:15:03.380,1.52738,1.5276,1.00,1.25
2014.09.01 16:15:03.634,1.52738,1.5276,1.00,1.19
2014.09.01 16:15:04.181,1.52738,1.5276,1.00,2.06
2014.09.01 16:15:04.688,1.52738,1.5276,1.00,1.31
2014.09.01 16:15:05.548,1.52738,1.52759,1.00,1.56
2014.09.01 16:15:10.114,1.52738,1.52754,1.00,1.00
2014.09.01 16:15:10.398,1.52738,1.52759,1.00,1.56
2014.09.01 16:15:11.059,1.52738,1.52754,1.00,1.00
2014.09.01 16:15:11.610,1.52736,1.52754,1.07,1.00
2014.09.01 16:15:14.287,1.52736,1.52755,1.07,1.00
2014.09.01 16:15:14.591,1.52734,1.52753,1.00,1.31
2014.09.01 16:15:14.743,1.52732,1.52753,1.01,1.31
2014.09.01 16:15:14.845,1.52731,1.5275,1.36,1.00
2014.09.01 16:15:15.252,1.5273,1.5275,1.00,1.19
2014.09.01 16:15:15.506,1.52728,1.52749,1.25,1.62
2014.09.01 16:15:16.090,1.52727,1.52749,1.69,1.25
2014.09.01 16:15:16.802,1.52727,1.52749,1.69,1.19
2014.09.01 16:15:18.423,1.52727,1.52749,1.50,1.69
2014.09.01 16:15:18.977,1.52727,1.52749,1.50,2.06
2014.09.01 16:15:19.333,1.52722,1.52744,3.19,1.31
2014.09.01 16:15:20.112,1.52722,1.52744,2.44,1.31
2014.09.01 16:15:20.322,1.52722,1.52743,1.69,1.37
2014.09.01 16:15:20.833,1.52722,1.52743,1.25,1.62
2014.09.01 16:15:21.339,1.52723,1.52745,1.00,1.56
2014.09.01 16:15:21.856,1.52723,1.52745,1.00,1.19
2014.09.01 16:15:22.934,1.52723,1.52745,1.00,1.19
2014.09.01 16:15:27.792,1.52723,1.52744,1.00,1.31
2014.09.01 16:15:31.409,1.52723,1.52744,1.00,1.12
2014.09.01 16:15:34.489,1.52725,1.52745,1.00,2.06
2014.09.01 16:15:34.692,1.52726,1.52748,1.01,1.19
2014.09.01 16:15:34.895,1.52728,1.52748,1.00,1.19
2014.09.01 16:15:35.200,1.52731,1.5275,1.00,1.19
2014.09.01 16:15:35.748,1.52728,1.5275,2.77,1.19
2014.09.01 16:15:35.888,1.52728,1.5275,2.96,1.00
2014.09.01 16:15:36.402,1.52731,1.5275,1.00,1.00
2014.09.01 16:15:36.912,1.52731,1.52749,1.00,1.00
2014.09.01 16:15:37.142,1.52731,1.52753,1.00,1.56
2014.09.01 16:15:38.102,1.52731,1.52753,1.12,1.56
2014.09.01 16:15:38.204,1.52732,1.52755,1.56,1.25
2014.09.01 16:15:38.661,1.52737,1.52755,1.00,1.84
2014.09.01 16:15:40.492,1.52736,1.52755,1.12,1.31
2014.09.01 16:15:41.045,1.52735,1.52754,1.37,1.00
2014.09.01 16:15:42.338,1.52735,1.52754,1.00,1.00
2014.09.01 16:15:42.884,1.52732,1.52754,1.37,2.06
2014.09.01 16:15:43.188,1.52731,1.52754,1.50,3.71
2014.09.01 16:15:43.328,1.52731,1.52754,1.00,3.71
2014.09.01 16:15:44.159,1.5273,1.52752,1.50,1.56
2014.09.01 16:15:45.823,1.5273,1.5275,1.00,1.12
2014.09.01 16:15:45.925,1.52728,1.52748,1.17,1.31
2014.09.01 16:15:46.027,1.52726,1.52749,2.96,1.56
2014.09.01 16:15:48.115,1.52726,1.5275,3.71,2.06
2014.09.01 16:15:48.829,1.52726,1.5275,3.71,2.06
2014.09.01 16:15:51.147,1.52726,1.52749,2.96,1.46
2014.09.01 16:15:52.424,1.52726,1.52749,2.59,2.21
2014.09.01 16:15:54.728,1.52726,1.52749,2.59,1.31
2014.09.01 16:15:55.929,1.52726,1.52749,2.40,1.31
2014.09.01 16:15:58.358,1.52726,1.52749,2.40,1.56
2014.09.01 16:16:00.378,1.52726,1.52749,1.65,2.06
2014.09.01 16:16:00.683,1.52724,1.52747,1.69,1.62
2014.09.01 16:16:00.987,1.5272,1.52741,2.21,1.25
2014.09.01 16:16:01.039,1.5272,1.52741,1.31,1.25
2014.09.01 16:16:01.495,1.52721,1.52741,1.00,1.62
2014.09.01 16:16:01.970,1.52719,1.52741,1.25,1.56
2014.09.01 16:16:03.481,1.52719,1.52739,1.00,1.62
2014.09.01 16:16:04.899,1.52718,1.52738,1.10,1.19
2014.09.01 16:16:05.466,1.52715,1.52738,1.84,1.69
2014.09.01 16:16:05.991,1.52715,1.52738,1.31,1.69
2014.09.01 16:16:08.428,1.52715,1.52738,1.19,2.06
2014.09.01 16:16:09.410,1.52717,1.52739,1.25,1.31
2014.09.01 16:16:10.410,1.52717,1.52739,1.19,1.31
2014.09.01 16:16:13.770,1.52717,1.52735,1.19,1.00
2014.09.01 16:16:14.370,1.52717,1.52735,1.25,1.00
2014.09.01 16:16:20.667,1.52716,1.52735,1.87,1.00
2014.09.01 16:16:22.570,1.52716,1.52734,1.25,1.00
2014.09.01 16:16:23.877,1.52716,1.52739,1.31,2.06
2014.09.01 16:16:27.230,1.52716,1.52737,1.00,1.37
2014.09.01 16:16:43.273,1.52716,1.52735,1.00,1.37
2014.09.01 16:17:00.645,1.52716,1.52738,1.00,2.14
2014.09.01 16:17:01.059,1.52716,1.52738,1.62,1.95
2014.09.01 16:17:03.088,1.52718,1.5274,1.00,1.84
2014.09.01 16:17:03.595,1.52719,1.52739,1.00,1.09
2014.09.01 16:17:04.822,1.52719,1.5274,1.00,1.25
2014.09.01 16:17:08.478,1.52719,1.52739,1.25,1.20
2014.09.01 16:17:31.927,1.52718,1.5274,1.25,1.37
2014.09.01 16:17:32.129,1.52718,1.5274,1.69,1.37
2014.09.01 16:17:32.433,1.52718,1.52742,1.69,2.66
2014.09.01 16:17:33.252,1.5272,1.52742,1.25,1.01
2014.09.01 16:17:37.115,1.5272,1.52742,1.19,1.01
2014.09.01 16:17:40.526,1.5272,1.52742,1.19,1.10
2014.09.01 16:17:45.656,1.52722,1.52742,1.00,2.21
2014.09.01 16:17:46.237,1.5272,1.52742,1.31,1.84
2014.09.01 16:17:46.338,1.5272,1.52741,1.00,1.39
2014.09.01 16:17:47.959,1.52719,1.5274,2.51,1.09
2014.09.01 16:17:50.544,1.52719,1.52741,1.57,1.31
2014.09.01 16:17:51.546,1.52719,1.52741,1.76,1.31
2014.09.01 16:17:53.650,1.52719,1.52741,1.76,1.12
2014.09.01 16:17:56.408,1.52719,1.52739,1.10,1.00
2014.09.01 16:17:56.713,1.52715,1.52737,2.44,1.00
2014.09.01 16:17:56.765,1.52715,1.52737,2.44,1.19
2014.09.01 16:17:56.816,1.52715,1.52737,1.69,1.56
2014.09.01 16:17:56.918,1.52715,1.52737,1.25,1.56
2014.09.01 16:17:57.774,1.52715,1.52737,1.19,1.62
2014.09.01 16:17:58.859,1.52715,1.52735,1.19,1.20
2014.09.01 16:17:59.760,1.52715,1.52735,1.25,1.00
2014.09.01 16:18:09.177,1.52715,1.52735,1.19,1.00
2014.09.01 16:18:10.355,1.52715,1.52737,1.19,1.28
2014.09.01 16:18:13.184,1.52715,1.52737,1.19,1.28
2014.09.01 16:18:14.186,1.52715,1.52737,1.25,1.10
2014.09.01 16:18:16.215,1.52715,1.52737,1.19,1.01
2014.09.01 16:18:18.394,1.52715,1.52737,1.25,1.10
2014.09.01 16:18:29.188,1.52715,1.52736,1.25,1.20
2014.09.01 16:18:30.200,1.52715,1.52737,1.25,1.00
2014.09.01 16:18:31.113,1.52715,1.52737,1.19,1.00
2014.09.01 16:18:33.848,1.52717,1.52739,1.00,2.14
2014.09.01 16:18:34.437,1.52715,1.52737,1.19,1.25
2014.09.01 16:18:35.324,1.52715,1.52735,1.19,1.00
2014.09.01 16:18:37.124,1.52715,1.52735,1.00,1.00
2014.09.01 16:18:38.926,1.52715,1.52735,1.19,1.00
2014.09.01 16:18:39.977,1.52715,1.52735,1.25,1.00
2014.09.01 16:18:42.198,1.52713,1.52734,2.44,1.20
2014.09.01 16:18:42.739,1.52713,1.52735,2.44,1.12
2014.09.01 16:18:43.832,1.52713,1.52734,3.19,1.00
2014.09.01 16:18:46.444,1.52713,1.52733,2.44,1.20
2014.09.01 16:18:47.164,1.52713,1.52733,2.44,1.20
2014.09.01 16:18:48.220,1.52713,1.52733,2.44,1.20
2014.09.01 16:18:48.272,1.52713,1.52735,2.44,1.12
2014.09.01 16:18:50.350,1.52713,1.52737,2.44,2.21
2014.09.01 16:18:55.501,1.52713,1.52737,2.44,2.21
2014.09.01 16:18:56.496,1.52713,1.52737,2.44,2.21
2014.09.01 16:18:57.436,1.52713,1.52737,2.44,2.21
2014.09.01 16:19:00.167,1.52715,1.52738,1.19,1.61
2014.09.01 16:19:01.370,1.52715,1.52736,1.19,1.27
2014.09.01 16:19:03.611,1.52714,1.52735,1.19,1.00
2014.09.01 16:19:04.475,1.52714,1.52735,1.25,1.00
2014.09.01 16:19:05.585,1.52714,1.52736,1.25,1.12
2014.09.01 16:19:09.537,1.52714,1.52736,1.25,2.02
2014.09.01 16:19:09.588,1.52714,1.52736,1.19,2.02
2014.09.01 16:19:10.688,1.52714,1.52736,1.25,1.37
2014.09.01 16:19:13.039,1.52714,1.52736,1.19,1.62
2014.09.01 16:19:14.377,1.52715,1.52737,1.25,1.46
2014.09.01 16:19:14.898,1.52713,1.52735,1.69,1.12
2014.09.01 16:19:16.299,1.52714,1.52738,1.69,2.06
2014.09.01 16:19:17.502,1.52714,1.52738,1.69,2.06
2014.09.01 16:19:18.603,1.52714,1.52738,1.69,2.06
2014.09.01 16:19:26.194,1.52714,1.52734,1.76,1.00
2014.09.01 16:19:32.028,1.52714,1.52734,1.76,1.00
2014.09.01 16:19:35.432,1.52714,1.52734,1.76,1.00
2014.09.01 16:19:37.633,1.52714,1.52735,1.76,1.20
2014.09.01 16:19:39.139,1.52714,1.52735,1.29,1.27
2014.09.01 16:19:40.041,1.52714,1.52735,1.10,1.27
2014.09.01 16:19:41.008,1.52714,1.52736,1.47,1.12
2014.09.01 16:19:41.524,1.52716,1.52736,1.00,1.31
2014.09.01 16:19:43.393,1.52716,1.52738,1.69,1.62
2014.09.01 16:19:43.648,1.52716,1.52738,1.69,1.31
2014.09.01 16:19:45.050,1.52716,1.52738,1.69,1.31
2014.09.01 16:19:47.813,1.52716,1.52734,1.69,1.00
2014.09.01 16:19:48.364,1.52716,1.52734,1.69,1.00
2014.09.01 16:19:48.583,1.52716,1.52738,1.69,1.31
2014.09.01 16:19:48.749,1.52719,1.52739,1.00,1.56
2014.09.01 16:19:49.105,1.52719,1.52741,1.25,1.56
2014.09.01 16:19:49.257,1.52721,1.52742,1.00,2.44
2014.09.01 16:19:50.187,1.52721,1.52744,2.44,2.17
2014.09.01 16:19:53.363,1.52721,1.52744,2.44,1.32
2014.09.01 16:19:54.083,1.52721,1.52744,2.44,1.84
2014.09.01 16:19:55.889,1.52721,1.52744,2.25,1.69
2014.09.01 16:19:57.071,1.52721,1.52743,2.44,1.19
2014.09.01 16:19:58.423,1.52721,1.52745,2.44,3.71
2014.09.01 16:19:59.156,1.52728,1.52744,1.00,1.69
2014.09.01 16:19:59.309,1.52729,1.52747,1.19,1.00
2014.09.01 16:19:59.512,1.52731,1.52753,1.00,1.69
2014.09.01 16:19:59.564,1.52737,1.52755,1.00,2.89
2014.09.01 16:19:59.666,1.52734,1.52754,1.20,1.56
2014.09.01 16:19:59.768,1.52736,1.52756,1.00,1.19
2014.09.01 16:19:59.819,1.52736,1.52759,1.50,1.76
2014.09.01 16:19:59.870,1.52738,1.52759,1.00,1.69
2014.09.01 16:20:00.174,1.52744,1.52761,1.00,1.91
2014.09.01 16:20:00.225,1.52744,1.52762,1.00,1.26
2014.09.01 16:20:01.157,1.52744,1.52759,1.00,1.00
2014.09.01 16:20:02.114,1.52744,1.5276,1.00,1.25
2014.09.01 16:20:02.989,1.52744,1.52762,1.00,1.39
2014.09.01 16:20:04.330,1.52744,1.52763,1.00,2.36
2014.09.01 16:20:05.495,1.52744,1.52763,1.00,1.19
2014.09.01 16:20:07.801,1.52744,1.52763,1.00,1.84
2014.09.01 16:20:08.835,1.52744,1.52763,1.00,1.19
2014.09.01 16:20:09.935,1.52744,1.52763,1.00,1.56
2014.09.01 16:20:11.218,1.52744,1.52762,1.00,1.46
2014.09.01 16:20:13.853,1.52744,1.52764,1.00,1.00
2014.09.01 16:20:14.361,1.52744,1.52766,1.50,1.66
2014.09.01 16:20:14.412,1.52746,1.52767,1.00,1.74
2014.09.01 16:20:15.317,1.52746,1.52768,1.50,1.71
2014.09.01 16:20:17.927,1.52746,1.52768,2.06,1.15
2014.09.01 16:20:20.715,1.52746,1.52768,2.44,1.62
2014.09.01 16:20:22.431,1.52746,1.52768,1.69,1.56
2014.09.01 16:20:22.777,1.52746,1.52764,1.25,1.00
2014.09.01 16:20:24.672,1.52746,1.52765,1.00,1.00
2014.09.01 16:20:25.202,1.52746,1.52766,1.00,1.00
2014.09.01 16:20:25.866,1.52746,1.52766,1.00,1.62
2014.09.01 16:20:26.536,1.52746,1.52764,1.00,1.00
2014.09.01 16:20:27.616,1.52746,1.52766,1.00,1.62
2014.09.01 16:20:31.422,1.52747,1.52769,1.00,1.69
2014.09.01 16:20:32.154,1.52747,1.52769,1.00,1.19
2014.09.01 16:20:33.456,1.52747,1.52769,1.19,1.25
2014.09.01 16:20:33.575,1.52747,1.52764,1.19,1.00
2014.09.01 16:20:35.160,1.52746,1.52769,2.06,2.59
2014.09.01 16:20:35.836,1.52744,1.52766,1.56,1.00
2014.09.01 16:20:35.887,1.52744,1.52764,1.56,1.00
2014.09.01 16:20:36.395,1.52746,1.52765,1.37,1.00
2014.09.01 16:20:36.699,1.52749,1.52764,1.00,1.00
2014.09.01 16:20:37.056,1.52751,1.52765,1.00,1.00
2014.09.01 16:20:37.646,1.52751,1.52764,1.00,1.00
2014.09.01 16:20:39.075,1.52751,1.52765,1.00,1.00
2014.09.01 16:20:39.584,1.52748,1.52765,1.50,1.00
2014.09.01 16:20:40.176,1.52748,1.52764,2.25,1.00
2014.09.01 16:20:41.280,1.52748,1.52764,2.44,1.00
2014.09.01 16:20:41.934,1.52748,1.52769,2.44,1.00
2014.09.01 16:20:42.461,1.52748,1.52769,2.44,1.25
2014.09.01 16:20:43.423,1.52748,1.52769,2.44,1.00
2014.09.01 16:20:47.692,1.52748,1.52769,2.25,1.00
2014.09.01 16:20:48.843,1.52748,1.52769,2.44,1.00
2014.09.01 16:20:48.904,1.52748,1.52765,2.44,1.00
2014.09.01 16:20:49.646,1.52748,1.52764,2.44,1.00
2014.09.01 16:20:49.853,1.52748,1.5277,2.44,1.25
2014.09.01 16:20:50.574,1.52748,1.52769,2.25,1.25
2014.09.01 16:20:54.611,1.52748,1.52764,2.44,1.00
2014.09.01 16:20:54.815,1.52748,1.52769,2.44,1.25
2014.09.01 16:20:58.875,1.52748,1.52764,2.44,1.00
2014.09.01 16:21:00.310,1.52746,1.52765,2.89,1.00
2014.09.01 16:21:00.615,1.52746,1.52759,1.69,1.00
2014.09.01 16:21:05.201,1.52746,1.52765,1.69,1.00
2014.09.01 16:21:08.249,1.52746,1.52765,1.50,1.00
2014.09.01 16:21:08.774,1.52745,1.52764,1.25,1.00
2014.09.01 16:21:09.472,1.52745,1.52759,1.25,1.00
2014.09.01 16:21:09.878,1.52743,1.5276,1.00,1.00
2014.09.01 16:21:10.384,1.52742,1.5276,1.25,1.00
2014.09.01 16:21:11.424,1.52742,1.52759,1.25,1.00
2014.09.01 16:21:13.354,1.5274,1.52759,1.69,1.00
2014.09.01 16:21:14.493,1.5274,1.5276,1.69,1.00
2014.09.01 16:21:14.825,1.52741,1.52764,2.06,1.19
2014.09.01 16:21:15.559,1.52741,1.52764,2.06,1.25
2014.09.01 16:21:17.257,1.52741,1.5276,2.06,1.00
2014.09.01 16:21:17.765,1.52744,1.5276,2.06,1.00
2014.09.01 16:21:17.816,1.52746,1.52764,1.00,1.00
2014.09.01 16:21:17.867,1.52749,1.52764,1.00,1.00
2014.09.01 16:21:18.021,1.52749,1.52768,1.57,1.25
2014.09.01 16:21:18.478,1.52745,1.52767,1.09,1.50
2014.09.01 16:21:18.529,1.52745,1.52765,1.01,1.00
2014.09.01 16:21:19.036,1.52743,1.52765,2.00,1.69
2014.09.01 16:21:19.404,1.52743,1.52759,1.25,1.00
2014.09.01 16:21:19.556,1.52743,1.52764,1.25,1.25
2014.09.01 16:21:19.709,1.52741,1.52763,2.89,1.19
2014.09.01 16:21:20.062,1.52741,1.5276,2.89,1.00
2014.09.01 16:21:22.389,1.52741,1.5276,2.25,1.69
2014.09.01 16:21:22.440,1.52739,1.52759,1.00,1.25
2014.09.01 16:21:22.988,1.52737,1.52759,1.19,1.25
2014.09.01 16:21:23.594,1.52737,1.52759,1.69,1.00
2014.09.01 16:21:37.824,1.52737,1.5276,1.56,2.44
2014.09.01 16:21:38.490,1.52737,1.5276,1.56,2.44
2014.09.01 16:21:40.109,1.52737,1.5276,1.19,2.81
2014.09.01 16:21:43.143,1.52738,1.5276,1.62,2.44
2014.09.01 16:21:44.156,1.52738,1.5276,1.56,2.44
2014.09.01 16:21:50.871,1.52737,1.52759,1.56,1.00
2014.09.01 16:21:52.073,1.52737,1.5276,2.06,1.25
2014.09.01 16:21:53.030,1.52737,1.5276,2.06,1.19
2014.09.01 16:21:55.425,1.52737,1.52759,3.71,1.25
2014.09.01 16:21:55.628,1.52737,1.52759,2.81,1.25
2014.09.01 16:21:56.086,1.52736,1.52754,1.31,1.00
2014.09.01 16:21:56.736,1.52736,1.52754,1.31,1.00
2014.09.01 16:21:57.282,1.52736,1.52758,1.31,1.69
2014.09.01 16:21:58.040,1.52736,1.52758,1.12,1.69
2014.09.01 16:21:59.812,1.52736,1.52754,1.31,1.00
2014.09.01 16:22:04.044,1.52734,1.52754,2.44,1.00
2014.09.01 16:22:05.531,1.52734,1.52756,2.44,1.00
2014.09.01 16:22:09.863,1.52734,1.52756,2.81,1.00
2014.09.01 16:22:10.593,1.52734,1.52755,2.81,1.00
2014.09.01 16:22:11.212,1.52734,1.52755,2.81,1.00
2014.09.01 16:22:11.762,1.52734,1.52755,2.81,1.00
2014.09.01 16:22:14.863,1.52734,1.52754,2.06,1.00
2014.09.01 16:22:20.512,1.52732,1.52754,2.81,1.00
2014.09.01 16:22:21.185,1.52732,1.52754,2.81,1.25
2014.09.01 16:22:22.722,1.52732,1.52753,1.19,1.00
2014.09.01 16:22:22.773,1.52732,1.52749,1.19,1.00
2014.09.01 16:22:23.791,1.52731,1.52749,1.25,1.00
2014.09.01 16:22:24.807,1.52731,1.5275,1.25,1.00
2014.09.01 16:22:27.400,1.52729,1.5275,1.12,1.00
2014.09.01 16:22:27.941,1.52728,1.52749,1.62,1.00
2014.09.01 16:22:33.409,1.52728,1.52749,1.56,1.00
2014.09.01 16:22:34.712,1.52728,1.52749,1.62,1.00
2014.09.01 16:22:35.915,1.52728,1.52749,1.56,1.00
2014.09.01 16:22:36.450,1.52729,1.5275,1.19,1.00
2014.09.01 16:22:36.754,1.5273,1.52749,1.62,1.00
2014.09.01 16:22:36.856,1.52731,1.5275,1.00,1.00
2014.09.01 16:22:37.110,1.52731,1.52753,1.62,1.00
2014.09.01 16:22:37.161,1.52731,1.52753,1.62,1.00
2014.09.01 16:22:37.369,1.52731,1.52753,1.25,1.00
2014.09.01 16:22:37.420,1.52731,1.52749,1.25,1.00
2014.09.01 16:22:38.337,1.52728,1.52749,1.69,1.00
2014.09.01 16:22:38.638,1.52728,1.52752,1.69,1.76
2014.09.01 16:22:42.672,1.52728,1.5275,2.06,1.00
2014.09.01 16:22:43.190,1.52727,1.52749,1.19,1.00
2014.09.01 16:22:43.343,1.52726,1.52748,1.12,1.01
2014.09.01 16:22:43.858,1.52723,1.52747,1.69,1.12
2014.09.01 16:22:43.909,1.52723,1.52745,1.69,1.00
2014.09.01 16:22:45.131,1.52723,1.52743,1.62,1.10
2014.09.01 16:22:46.298,1.52719,1.52743,3.56,2.32
2014.09.01 16:22:46.807,1.52719,1.52743,3.56,2.51
2014.09.01 16:22:47.179,1.52719,1.5274,1.19,1.00
2014.09.01 16:22:47.383,1.52719,1.52738,1.25,1.00
2014.09.01 16:22:48.394,1.52716,1.52738,1.56,1.69
2014.09.01 16:23:07.185,1.52715,1.52738,2.44,2.25
2014.09.01 16:23:08.480,1.52714,1.52738,3.19,2.44
2014.09.01 16:23:13.165,1.52714,1.52737,2.06,1.00
2014.09.01 16:23:13.216,1.52714,1.52735,1.56,1.00
2014.09.01 16:23:18.197,1.52714,1.52735,1.56,1.00
2014.09.01 16:23:22.203,1.52714,1.52735,1.56,1.00
2014.09.01 16:23:22.710,1.52714,1.52733,1.31,1.00
2014.09.01 16:23:22.915,1.52711,1.52733,2.06,1.00
2014.09.01 16:23:23.424,1.52711,1.52733,1.19,1.00
2014.09.01 16:23:24.025,1.52711,1.52733,1.25,1.19
2014.09.01 16:23:25.087,1.5271,1.52731,1.31,1.00
2014.09.01 16:23:26.114,1.5271,1.52731,1.31,1.00
2014.09.01 16:23:27.415,1.5271,1.52731,1.31,1.00
2014.09.01 16:23:30.620,1.5271,1.52731,1.31,1.00
2014.09.01 16:23:31.622,1.5271,1.52731,1.31,1.00
2014.09.01 16:23:39.236,1.5271,1.52731,1.31,1.00
2014.09.01 16:23:43.279,1.5271,1.52731,1.19,1.00
2014.09.01 16:23:43.583,1.5271,1.52729,1.00,1.25
2014.09.01 16:23:43.798,1.52706,1.52729,1.31,2.51
2014.09.01 16:23:44.153,1.52705,1.52725,1.56,1.00
2014.09.01 16:23:44.948,1.52703,1.52725,1.56,1.00
2014.09.01 16:23:45.151,1.52705,1.52727,1.31,1.25
2014.09.01 16:23:45.253,1.52707,1.52729,1.19,1.10
2014.09.01 16:23:47.162,1.52707,1.52729,2.81,1.50
2014.09.01 16:23:50.572,1.52708,1.52729,1.46,1.50
2014.09.01 16:23:52.865,1.52708,1.52729,1.46,1.50
2014.09.01 16:23:55.581,1.52709,1.52729,1.20,1.87
2014.09.01 16:23:56.116,1.52705,1.52728,1.36,2.25
2014.09.01 16:23:56.420,1.52705,1.52725,1.84,1.00
2014.09.01 16:23:56.589,1.52705,1.52725,1.84,1.00
2014.09.01 16:23:57.984,1.52707,1.52725,1.65,1.00
2014.09.01 16:23:58.136,1.52707,1.52729,1.84,1.25
2014.09.01 16:23:58.690,1.52709,1.52731,1.00,1.31
2014.09.01 16:24:01.287,1.52709,1.52731,1.00,1.19
2014.09.01 16:24:03.592,1.52709,1.52731,1.00,1.25
2014.09.01 16:24:05.195,1.52709,1.52731,1.84,1.19
2014.09.01 16:24:06.280,1.52709,1.52729,1.84,1.00
2014.09.01 16:24:08.859,1.52711,1.52729,1.20,1.25
2014.09.01 16:24:09.907,1.52711,1.52732,1.65,1.56
2014.09.01 16:24:10.849,1.52711,1.52732,1.65,1.19
2014.09.01 16:24:12.215,1.52711,1.52732,1.00,1.00
2014.09.01 16:24:16.001,1.52711,1.52732,1.62,1.25
2014.09.01 16:24:18.963,1.52711,1.52735,4.09,2.21
2014.09.01 16:24:20.249,1.52711,1.52734,4.91,1.19
2014.09.01 16:24:21.941,1.52711,1.52735,3.64,2.06
2014.09.01 16:24:24.840,1.52711,1.52735,2.89,2.06
2014.09.01 16:24:25.849,1.52711,1.52735,3.97,2.06
2014.09.01 16:24:27.958,1.52711,1.52735,3.60,2.81
2014.09.01 16:24:28.480,1.52711,1.52735,3.64,2.06
2014.09.01 16:24:29.349,1.52711,1.52735,3.64,2.06
2014.09.01 16:24:30.969,1.52711,1.52734,3.26,1.19
2014.09.01 16:24:31.555,1.52711,1.52734,3.07,1.19
2014.09.01 16:24:34.760,1.52711,1.52734,3.26,1.19
2014.09.01 16:24:36.063,1.52711,1.52734,3.26,1.19
2014.09.01 16:24:36.586,1.52712,1.52734,1.69,1.56
2014.09.01 16:24:37.342,1.52712,1.52735,1.62,2.81
2014.09.01 16:24:48.979,1.52712,1.52736,3.19,2.14
2014.09.01 16:24:49.279,1.52715,1.52737,1.00,2.06
2014.09.01 16:24:49.483,1.52716,1.52739,1.50,1.19
2014.09.01 16:24:49.635,1.52716,1.52735,1.50,1.00
2014.09.01 16:24:50.267,1.52717,1.52735,1.00,1.00
2014.09.01 16:24:51.058,1.52717,1.52735,1.37,1.00
2014.09.01 16:24:52.468,1.52717,1.52739,1.37,1.56
2014.09.01 16:24:55.659,1.52717,1.52735,1.37,1.00
2014.09.01 16:24:58.232,1.52717,1.52739,1.37,1.56
2014.09.01 16:24:58.906,1.52717,1.52739,1.37,1.56
2014.09.01 16:25:01.872,1.52717,1.52734,1.37,1.00
2014.09.01 16:25:07.541,1.52717,1.52735,1.50,1.00
2014.09.01 16:25:07.694,1.52714,1.52735,1.10,1.56
2014.09.01 16:25:09.139,1.52713,1.52733,1.00,1.31
2014.09.01 16:25:10.417,1.52713,1.52733,1.00,1.37
2014.09.01 16:25:13.989,1.52711,1.52734,1.19,2.81
2014.09.01 16:25:14.580,1.52711,1.52734,1.00,2.06
2014.09.01 16:25:16.644,1.52711,1.52734,1.19,2.06
2014.09.01 16:25:17.746,1.52711,1.52734,1.19,1.87
2014.09.01 16:25:18.769,1.52711,1.52734,2.44,2.06
2014.09.01 16:25:18.871,1.52713,1.52734,1.01,1.25
2014.09.01 16:25:19.075,1.52716,1.52734,1.00,1.25
2014.09.01 16:25:19.651,1.52716,1.52738,1.00,2.06
2014.09.01 16:25:20.191,1.52717,1.52739,1.00,1.56
2014.09.01 16:25:22.055,1.52717,1.52739,1.19,1.62
2014.09.01 16:25:26.663,1.52718,1.5274,1.31,1.62
2014.09.01 16:25:27.665,1.52718,1.5274,1.31,1.37
2014.09.01 16:25:31.171,1.52718,1.5274,1.19,1.62
2014.09.01 16:25:33.407,1.52718,1.5274,1.29,1.62
2014.09.01 16:25:34.482,1.52718,1.5274,1.01,1.56
2014.09.01 16:25:34.601,1.52718,1.52734,1.01,1.00
2014.09.01 16:25:37.698,1.52718,1.52734,1.29,1.00
2014.09.01 16:25:46.099,1.52718,1.52734,1.39,1.00
2014.09.01 16:25:48.131,1.52718,1.52739,1.01,1.37
2014.09.01 16:25:48.334,1.52718,1.52739,1.01,1.37
2014.09.01 16:25:48.638,1.52719,1.52734,1.07,1.00
2014.09.01 16:25:48.789,1.52719,1.5274,1.15,1.37
2014.09.01 16:25:49.080,1.52719,1.5274,1.00,1.37
2014.09.01 16:25:49.819,1.52719,1.52739,1.62,1.37
2014.09.01 16:25:50.707,1.52719,1.52739,1.37,1.37
2014.09.01 16:25:52.828,1.52719,1.52739,1.12,1.62
2014.09.01 16:25:56.043,1.52719,1.5274,1.00,1.19
2014.09.01 16:25:56.551,1.52718,1.52739,2.51,1.25
2014.09.01 16:25:59.049,1.52718,1.52734,1.10,1.00
2014.09.01 16:25:59.150,1.52718,1.52739,1.10,1.00
2014.09.01 16:25:59.926,1.52718,1.52739,1.10,1.69
2014.09.01 16:26:05.637,1.52718,1.52738,1.10,1.87
2014.09.01 16:26:07.942,1.52718,1.52735,1.10,1.00
2014.09.01 16:26:08.259,1.52718,1.52738,1.10,1.87
2014.09.01 16:26:13.251,1.52718,1.52738,1.00,2.06
2014.09.01 16:26:21.865,1.52718,1.52738,1.00,2.06
2014.09.01 16:26:25.184,1.52718,1.52738,1.00,1.31
2014.09.01 16:26:27.574,1.52718,1.52738,1.00,1.31
2014.09.01 16:26:28.776,1.52718,1.52738,1.00,1.31
2014.09.01 16:26:30.077,1.52718,1.52738,1.00,1.31
2014.09.01 16:26:30.782,1.52718,1.52737,1.00,1.00
2014.09.01 16:26:32.569,1.52718,1.52734,1.00,1.00
2014.09.01 16:26:33.888,1.52718,1.52739,1.00,1.56
2014.09.01 16:26:37.095,1.52718,1.52739,1.00,1.56
2014.09.01 16:26:40.093,1.52718,1.52739,1.00,1.56
2014.09.01 16:26:40.472,1.52718,1.52739,1.00,1.56
2014.09.01 16:26:44.218,1.52718,1.52739,1.00,2.06
2014.09.01 16:26:44.269,1.52718,1.52735,1.00,1.00
2014.09.01 16:26:44.880,1.52718,1.52739,1.00,2.81
2014.09.01 16:26:44.931,1.52715,1.52739,1.50,2.81
2014.09.01 16:26:45.629,1.52715,1.52739,1.50,2.06
2014.09.01 16:26:45.832,1.52715,1.52739,1.50,2.44
2014.09.01 16:26:46.815,1.52715,1.52739,1.50,2.81
2014.09.01 16:26:47.236,1.52715,1.52734,1.50,1.00
2014.09.01 16:26:47.539,1.52715,1.52739,1.50,1.69
2014.09.01 16:26:47.641,1.52715,1.52735,1.50,1.00
2014.09.01 16:26:47.860,1.52715,1.52739,1.50,1.69
2014.09.01 16:26:48.780,1.52715,1.52739,2.44,1.69
2014.09.01 16:26:49.361,1.52715,1.52739,2.44,1.69
2014.09.01 16:26:50.101,1.52715,1.52734,1.69,1.00
2014.09.01 16:26:50.735,1.52715,1.52734,1.69,1.00
2014.09.01 16:26:51.991,1.52715,1.52734,2.06,1.00
2014.09.01 16:26:53.362,1.52716,1.52735,1.12,1.00
2014.09.01 16:27:05.692,1.52716,1.52734,1.00,1.00
2014.09.01 16:27:05.933,1.52716,1.52738,1.00,1.56
2014.09.01 16:27:07.482,1.52717,1.52739,1.00,2.06
2014.09.01 16:27:07.584,1.52717,1.52735,1.00,1.00
2014.09.01 16:27:14.161,1.52716,1.52735,1.31,1.00
2014.09.01 16:27:14.668,1.52716,1.52734,1.31,1.00
2014.09.01 16:27:15.907,1.52716,1.52738,1.31,1.31
2014.09.01 16:27:17.341,1.52717,1.52738,1.00,1.84
2014.09.01 16:27:17.901,1.52718,1.52739,1.00,2.06
2014.09.01 16:27:18.617,1.52718,1.52739,1.00,2.06
2014.09.01 16:27:19.034,1.52718,1.52735,1.00,1.00
2014.09.01 16:27:19.186,1.52716,1.52735,1.25,1.00
2014.09.01 16:27:19.867,1.52716,1.52734,1.25,1.00
2014.09.01 16:27:20.845,1.52716,1.52734,1.19,1.00
2014.09.01 16:27:21.846,1.52716,1.52735,1.19,1.00
2014.09.01 16:27:27.778,1.52716,1.52735,1.31,1.00
2014.09.01 16:27:30.805,1.52716,1.52735,1.31,1.00
2014.09.01 16:27:31.354,1.52716,1.52734,1.31,1.00
2014.09.01 16:27:33.067,1.52716,1.52738,1.00,1.25
2014.09.01 16:27:38.240,1.52716,1.52738,1.25,1.19
2014.09.01 16:27:40.201,1.52716,1.52738,1.25,1.00
2014.09.01 16:27:42.347,1.52716,1.52738,1.62,1.00
2014.09.01 16:27:48.397,1.52716,1.52738,1.25,1.00
2014.09.01 16:27:49.612,1.52718,1.52738,1.00,1.00
2014.09.01 16:27:52.931,1.52718,1.52739,1.00,1.25
2014.09.01 16:27:56.811,1.52718,1.52738,1.00,1.00
2014.09.01 16:28:00.001,1.52718,1.52738,1.00,1.62
2014.09.01 16:28:06.618,1.52718,1.52738,1.00,1.62
2014.09.01 16:28:07.129,1.52718,1.52738,1.00,1.62
2014.09.01 16:28:07.668,1.52718,1.52738,1.00,1.56
2014.09.01 16:28:08.657,1.52718,1.52734,1.00,1.00
2014.09.01 16:28:08.758,1.52716,1.52734,1.00,1.00
2014.09.01 16:28:09.259,1.52713,1.52733,2.06,1.00
2014.09.01 16:28:09.765,1.52714,1.52733,1.00,1.00
2014.09.01 16:28:10.975,1.52712,1.52733,1.57,1.00
2014.09.01 16:28:11.839,1.52712,1.52733,1.20,1.00
2014.09.01 16:28:15.193,1.52711,1.52733,2.89,1.00
2014.09.01 16:28:16.807,1.52712,1.52733,1.20,1.00
2014.09.01 16:28:20.913,1.52711,1.52733,2.89,1.25
2014.09.01 16:28:20.964,1.52713,1.52733,1.00,1.25
2014.09.01 16:28:21.738,1.52711,1.52734,2.14,1.69
2014.09.01 16:28:22.245,1.52711,1.52734,2.14,1.19
2014.09.01 16:28:22.296,1.52714,1.52734,1.00,1.19
2014.09.01 16:28:22.398,1.52711,1.52734,2.14,1.19
2014.09.01 16:28:23.177,1.52711,1.52734,2.14,1.19
2014.09.01 16:28:26.190,1.52711,1.52734,3.04,1.25
2014.09.01 16:28:26.500,1.52711,1.52732,3.04,1.00
2014.09.01 16:28:27.005,1.52711,1.52733,3.04,1.00
2014.09.01 16:28:28.185,1.52711,1.52733,3.04,1.25
2014.09.01 16:28:31.792,1.52713,1.52733,1.20,1.25
2014.09.01 16:28:32.316,1.52711,1.52733,3.04,1.25
2014.09.01 16:28:37.879,1.52713,1.52733,1.00,1.25
2014.09.01 16:28:40.252,1.52713,1.52732,1.00,1.00
2014.09.01 16:28:41.080,1.5271,1.52733,3.11,1.19
2014.09.01 16:28:41.749,1.5271,1.52733,3.11,1.25
2014.09.01 16:28:45.428,1.5271,1.52732,3.11,1.00
2014.09.01 16:28:45.957,1.5271,1.52734,3.11,2.06
2014.09.01 16:28:46.628,1.5271,1.52732,3.11,1.00
2014.09.01 16:28:48.121,1.5271,1.52732,2.74,1.19
2014.09.01 16:28:48.606,1.5271,1.52729,2.74,1.00
2014.09.01 16:28:49.735,1.5271,1.52734,2.74,2.06
2014.09.01 16:28:50.241,1.52712,1.52734,1.20,1.56
2014.09.01 16:28:50.820,1.52712,1.52734,1.20,2.06
2014.09.01 16:28:51.569,1.52711,1.52734,1.09,2.06
2014.09.01 16:28:52.325,1.52712,1.52734,1.20,1.56
2014.09.01 16:28:54.385,1.52712,1.52734,1.20,1.56
2014.09.01 16:28:55.335,1.52712,1.52734,1.20,1.69
2014.09.01 16:28:56.938,1.52712,1.52734,1.20,1.69
2014.09.01 16:28:58.342,1.52712,1.52734,1.20,1.69
2014.09.01 16:28:58.393,1.5271,1.52732,3.15,1.29
2014.09.01 16:28:58.444,1.5271,1.52727,2.40,1.00
2014.09.01 16:28:58.752,1.52705,1.52727,1.87,1.69
2014.09.01 16:28:58.854,1.52705,1.52725,2.02,1.00
2014.09.01 16:28:58.906,1.52705,1.52725,1.27,1.00
2014.09.01 16:28:59.216,1.52702,1.52724,1.65,2.25
2014.09.01 16:28:59.375,1.52702,1.52724,1.00,2.44
2014.09.01 16:28:59.679,1.527,1.52719,1.25,1.00
2014.09.01 16:29:00.186,1.52699,1.5272,1.19,1.00
2014.09.01 16:29:00.729,1.527,1.52721,1.39,1.00
2014.09.01 16:29:01.036,1.527,1.52719,1.39,1.00
2014.09.01 16:29:01.190,1.527,1.52721,1.39,1.00
2014.09.01 16:29:01.698,1.527,1.52721,1.20,1.25
2014.09.01 16:29:02.213,1.527,1.5272,1.20,1.00
2014.09.01 16:29:02.721,1.527,1.52721,1.20,1.25
2014.09.01 16:29:03.771,1.527,1.52721,1.20,1.19
2014.09.01 16:29:04.885,1.527,1.52719,1.20,1.00
2014.09.01 16:29:06.644,1.527,1.5272,1.20,1.50
2014.09.01 16:29:07.172,1.52699,1.52721,1.25,1.25
2014.09.01 16:29:07.641,1.52699,1.52719,1.25,1.00
2014.09.01 16:29:08.148,1.52699,1.52721,1.25,1.39
2014.09.01 16:29:08.680,1.52699,1.52721,1.19,1.25
2014.09.01 16:29:09.577,1.52699,1.52721,1.00,1.00
2014.09.01 16:29:10.385,1.52699,1.5272,1.00,1.00
2014.09.01 16:29:10.693,1.52699,1.5272,1.19,1.00
2014.09.01 16:29:11.201,1.52699,1.52719,1.19,1.00
2014.09.01 16:29:11.718,1.52699,1.52719,1.25,1.00
2014.09.01 16:29:12.247,1.52699,1.5272,1.25,1.00
2014.09.01 16:29:12.788,1.52699,1.52719,1.25,1.00
2014.09.01 16:29:13.564,1.52699,1.5272,1.25,1.00
2014.09.01 16:29:14.346,1.52699,1.52719,1.25,1.00
2014.09.01 16:29:14.795,1.52699,1.52721,1.25,1.00
2014.09.01 16:29:15.341,1.52699,1.5272,1.84,1.00
2014.09.01 16:29:15.858,1.52699,1.52721,1.84,1.00
2014.09.01 16:29:15.909,1.52699,1.52721,1.84,1.00
2014.09.01 16:29:16.427,1.527,1.52722,1.19,1.25
2014.09.01 16:29:16.934,1.527,1.52722,1.25,1.00
2014.09.01 16:29:17.468,1.52701,1.52722,1.00,1.00
2014.09.01 16:29:19.059,1.52701,1.52724,1.25,1.25
2014.09.01 16:29:23.404,1.52701,1.52725,1.19,2.59
2014.09.01 16:29:25.008,1.52702,1.52725,1.19,2.59
2014.09.01 16:29:27.327,1.52702,1.52724,1.25,1.00
2014.09.01 16:29:28.541,1.52702,1.52725,1.19,2.96
2014.09.01 16:29:29.086,1.52702,1.52723,1.19,1.00
2014.09.01 16:29:29.603,1.52702,1.52724,1.19,1.69
2014.09.01 16:29:30.145,1.52702,1.52724,1.19,1.00
2014.09.01 16:29:30.664,1.52702,1.52725,1.19,2.44
2014.09.01 16:29:35.254,1.52702,1.52725,1.25,2.44
2014.09.01 16:29:38.597,1.52702,1.52724,1.69,1.00
2014.09.01 16:29:39.436,1.52702,1.52724,1.69,1.00
2014.09.01 16:29:43.644,1.52702,1.52724,1.69,1.00
2014.09.01 16:29:45.947,1.52702,1.52724,1.69,1.00
2014.09.01 16:29:48.452,1.52702,1.52724,1.69,1.00
2014.09.01 16:29:49.454,1.52702,1.52724,1.69,1.00
2014.09.01 16:29:50.005,1.52702,1.52726,1.69,1.69
2014.09.01 16:29:52.954,1.52702,1.52724,1.69,1.00
2014.09.01 16:30:00.341,1.52702,1.52725,1.69,1.25
2014.09.01 16:30:00.654,1.52701,1.52723,1.19,1.00
2014.09.01 16:30:01.180,1.52702,1.52724,2.44,1.25
2014.09.01 16:30:02.230,1.52702,1.52726,2.81,1.69
2014.09.01 16:30:03.381,1.52702,1.52726,2.81,1.50
2014.09.01 16:30:03.911,1.52704,1.52728,1.69,1.84
2014.09.01 16:30:04.507,1.52704,1.52724,1.69,1.00
2014.09.01 16:30:05.585,1.52704,1.52724,1.69,1.00
2014.09.01 16:30:06.417,1.52704,1.52728,1.69,1.84
2014.09.01 16:30:07.020,1.52704,1.52728,1.69,1.84
2014.09.01 16:30:08.091,1.52704,1.52728,1.69,1.84
2014.09.01 16:30:08.962,1.52704,1.52728,1.69,1.69
2014.09.01 16:30:15.456,1.52704,1.52728,1.69,1.50
2014.09.01 16:30:25.519,1.52704,1.52728,1.69,1.69
2014.09.01 16:30:30.528,1.52704,1.52728,1.69,1.69
2014.09.01 16:30:33.247,1.52704,1.52728,1.69,1.69
2014.09.01 16:30:36.515,1.52708,1.52728,1.00,1.25
2014.09.01 16:30:38.150,1.52708,1.52728,1.19,1.00
2014.09.01 16:30:39.247,1.52709,1.52729,1.25,1.00
2014.09.01 16:30:41.776,1.52709,1.5273,1.25,1.09
2014.09.01 16:30:43.459,1.52709,1.5273,1.19,1.20
2014.09.01 16:30:49.362,1.52708,1.5273,1.69,1.20
2014.09.01 16:30:50.463,1.52708,1.5273,1.69,1.00
2014.09.01 16:30:52.497,1.5271,1.52732,1.25,1.19
2014.09.01 16:30:53.318,1.5271,1.52732,1.69,1.00
2014.09.01 16:30:54.296,1.5271,1.52732,1.19,1.00
2014.09.01 16:30:55.290,1.52711,1.52732,1.69,1.00
2014.09.01 16:30:55.807,1.52711,1.52735,2.44,1.69
2014.09.01 16:30:56.325,1.52711,1.52735,2.44,1.69
2014.09.01 16:30:58.527,1.52713,1.52735,1.25,1.50
2014.09.01 16:31:00.582,1.52713,1.52735,1.19,1.69
2014.09.01 16:31:02.635,1.52713,1.52737,2.06,1.76
2014.09.01 16:31:02.698,1.52713,1.52737,2.06,1.57
2014.09.01 16:31:04.902,1.52713,1.52737,2.06,1.01
2014.09.01 16:31:18.425,1.52713,1.52737,2.06,1.29
2014.09.01 16:31:19.427,1.52713,1.52737,2.06,1.01
2014.09.01 16:31:20.830,1.52713,1.52737,2.06,1.29
2014.09.01 16:31:23.132,1.52713,1.52737,2.06,1.01
2014.09.01 16:31:26.488,1.52713,1.52737,2.06,1.91
2014.09.01 16:31:27.539,1.52713,1.52737,2.06,1.29
2014.09.01 16:31:28.541,1.52713,1.52737,2.06,1.10
2014.09.01 16:31:29.056,1.52716,1.52738,1.37,1.32
2014.09.01 16:31:29.644,1.52716,1.52738,1.56,1.07
2014.09.01 16:31:32.149,1.52716,1.52738,1.62,1.07
2014.09.01 16:31:36.055,1.52716,1.52738,1.62,1.07
2014.09.01 16:31:36.169,1.52717,1.52739,1.87,1.69
2014.09.01 16:31:37.385,1.52717,1.52739,2.81,1.20
2014.09.01 16:31:37.960,1.52717,1.52739,2.44,1.20
2014.09.01 16:31:39.363,1.52717,1.52739,2.44,1.20
2014.09.01 16:31:40.464,1.52717,1.52739,2.44,1.09
2014.09.01 16:31:41.497,1.52714,1.52736,1.69,1.00
2014.09.01 16:31:41.598,1.52714,1.52736,1.19,1.00
2014.09.01 16:31:44.396,1.52714,1.52736,1.19,1.25
2014.09.01 16:31:48.506,1.52717,1.52737,1.00,1.19
2014.09.01 16:31:49.481,1.52717,1.52737,1.00,1.25
2014.09.01 16:31:58.145,1.52717,1.52737,1.19,1.00
2014.09.01 16:31:59.299,1.52717,1.52737,1.25,1.00
2014.09.01 16:32:01.114,1.52717,1.52734,1.25,1.00
2014.09.01 16:32:02.864,1.52717,1.52735,1.00,1.00
2014.09.01 16:32:03.025,1.52717,1.52737,1.00,1.00
2014.09.01 16:32:03.177,1.52717,1.52735,1.00,1.00
2014.09.01 16:32:03.652,1.52717,1.52739,1.37,1.29
2014.09.01 16:32:03.855,1.52714,1.52735,1.56,1.00
2014.09.01 16:32:04.109,1.52714,1.52734,1.56,1.00
2014.09.01 16:32:04.624,1.52714,1.52734,1.56,1.00
2014.09.01 16:32:05.614,1.52714,1.52734,1.56,1.00
2014.09.01 16:32:06.745,1.52714,1.52734,1.56,1.00
2014.09.01 16:32:17.036,1.52714,1.52734,1.19,1.00
2014.09.01 16:32:22.553,1.52715,1.52735,1.69,1.00
2014.09.01 16:32:26.393,1.52715,1.52735,1.69,1.00
2014.09.01 16:32:27.956,1.52715,1.52735,1.69,1.00
2014.09.01 16:32:30.835,1.52715,1.52734,2.44,1.00
2014.09.01 16:32:31.141,1.52715,1.52739,2.44,2.44
2014.09.01 16:32:31.263,1.52715,1.52739,2.44,2.25
2014.09.01 16:32:32.364,1.52715,1.52739,2.44,2.44
2014.09.01 16:32:33.334,1.52715,1.52734,2.06,1.00
2014.09.01 16:32:34.075,1.52715,1.52734,2.06,1.00
2014.09.01 16:32:34.325,1.52715,1.52739,2.06,1.50
2014.09.01 16:32:34.571,1.52719,1.52734,1.25,1.00
2014.09.01 16:32:34.888,1.52719,1.5274,1.00,1.00
2014.09.01 16:32:37.623,1.52719,1.52739,1.25,1.00
2014.09.01 16:32:39.077,1.52719,1.52739,1.19,1.00
2014.09.01 16:32:40.378,1.52719,1.52739,1.25,1.00
2014.09.01 16:32:42.582,1.52719,1.52739,1.19,1.00
2014.09.01 16:32:43.823,1.52719,1.52739,1.25,1.00
2014.09.01 16:32:49.728,1.52719,1.52739,1.19,1.00
2014.09.01 16:32:50.769,1.52719,1.5274,1.19,1.00
2014.09.01 16:32:55.773,1.52719,1.52739,1.19,1.00
2014.09.01 16:32:56.289,1.52719,1.5274,1.19,1.10
2014.09.01 16:32:56.953,1.52719,1.5274,1.25,1.10
2014.09.01 16:32:58.010,1.52719,1.5274,1.19,1.10
2014.09.01 16:33:01.761,1.52719,1.52739,1.19,1.00
2014.09.01 16:33:05.023,1.52719,1.52739,1.69,1.00
2014.09.01 16:33:06.061,1.52719,1.52739,1.19,1.00
2014.09.01 16:33:07.527,1.52719,1.52739,1.19,1.00
2014.09.01 16:33:11.234,1.52719,1.52739,1.19,1.00
2014.09.01 16:33:12.336,1.52719,1.52739,1.19,1.00
2014.09.01 16:33:14.641,1.52719,1.52739,1.19,1.00
2014.09.01 16:33:22.297,1.52719,1.5274,1.29,1.00
2014.09.01 16:33:23.257,1.52719,1.5274,1.29,1.00
2014.09.01 16:33:24.155,1.5272,1.52739,1.19,1.00
2014.09.01 16:33:25.561,1.5272,1.52739,1.25,1.00
2014.09.01 16:33:26.562,1.5272,1.52739,1.19,1.00
2014.09.01 16:33:32.272,1.5272,1.52739,1.19,1.00
2014.09.01 16:33:33.586,1.5272,1.52739,1.19,1.00
2014.09.01 16:33:40.092,1.5272,1.52739,1.19,1.00
2014.09.01 16:33:55.009,1.52721,1.52739,1.19,1.00
2014.09.01 16:33:56.212,1.52721,1.52739,1.31,1.00
2014.09.01 16:33:56.756,1.52721,1.5274,1.31,1.00
2014.09.01 16:33:57.315,1.52721,1.5274,1.31,1.00
2014.09.01 16:33:58.663,1.52721,1.5274,1.31,1.00
2014.09.01 16:33:59.172,1.52721,1.52739,1.31,1.00
2014.09.01 16:33:59.378,1.52722,1.52744,2.06,1.50
2014.09.01 16:34:07.435,1.52723,1.52744,2.06,1.00
2014.09.01 16:34:08.437,1.52723,1.52744,2.06,1.00
2014.09.01 16:34:09.738,1.52723,1.52744,2.06,1.00
2014.09.01 16:34:15.649,1.52723,1.52744,2.06,1.00
2014.09.01 16:34:18.755,1.52723,1.52744,2.06,1.00
2014.09.01 16:34:19.865,1.52723,1.52744,2.06,1.00
2014.09.01 16:34:21.382,1.52723,1.52744,2.06,1.00
2014.09.01 16:34:22.382,1.52723,1.52744,1.31,1.00
2014.09.01 16:34:27.895,1.52723,1.52744,1.31,1.00
2014.09.01 16:34:32.379,1.52724,1.52744,1.69,1.00
2014.09.01 16:34:34.554,1.52724,1.52745,1.69,1.00
2014.09.01 16:34:35.385,1.52724,1.52744,1.69,1.00
2014.09.01 16:34:37.611,1.52724,1.52745,1.69,1.00
2014.09.01 16:34:38.526,1.52724,1.52745,1.69,1.00
2014.09.01 16:34:40.994,1.52724,1.52745,2.06,1.00
2014.09.01 16:34:54.618,1.52724,1.52745,1.56,1.00
2014.09.01 16:34:59.974,1.52724,1.52745,1.56,1.00
2014.09.01 16:35:01.131,1.52724,1.52745,1.56,1.00
2014.09.01 16:35:02.433,1.52724,1.52745,1.62,1.00
2014.09.01 16:35:03.954,1.52724,1.52739,1.62,1.00
2014.09.01 16:35:05.933,1.52724,1.52739,1.25,1.00
2014.09.01 16:35:08.064,1.52724,1.52739,1.19,1.00
2014.09.01 16:35:09.751,1.52724,1.52739,1.25,1.00
2014.09.01 16:35:09.988,1.52724,1.52744,1.25,1.00
2014.09.01 16:35:10.392,1.52724,1.5274,1.25,1.00
2014.09.01 16:35:10.649,1.52724,1.52744,1.25,1.00
2014.09.01 16:35:11.811,1.52724,1.52744,1.19,1.00
2014.09.01 16:35:18.268,1.52724,1.52744,1.12,1.00
2014.09.01 16:35:21.274,1.52724,1.52744,1.31,1.00
2014.09.01 16:35:28.787,1.52724,1.52744,1.31,1.00
2014.09.01 16:35:30.491,1.52724,1.52744,1.31,1.00
2014.09.01 16:35:31.182,1.52724,1.52745,1.31,1.00
2014.09.01 16:35:32.495,1.52724,1.52745,1.31,1.00
2014.09.01 16:35:33.932,1.52724,1.52742,1.31,1.00
2014.09.01 16:35:34.084,1.52724,1.52745,1.31,1.87
2014.09.01 16:35:35.917,1.52724,1.52745,1.12,2.81
2014.09.01 16:35:36.935,1.52722,1.52744,1.39,1.19
2014.09.01 16:35:38.596,1.52722,1.52744,1.01,1.31
2014.09.01 16:35:39.607,1.52722,1.52744,1.10,1.31
2014.09.01 16:35:41.711,1.52722,1.52744,1.00,1.31
2014.09.01 16:35:43.717,1.52722,1.52744,1.00,1.31
2014.09.01 16:35:45.408,1.52722,1.52744,1.00,1.56
2014.09.01 16:35:45.741,1.52721,1.52743,1.47,1.31
2014.09.01 16:35:45.844,1.52721,1.52743,1.10,1.62
2014.09.01 16:35:46.372,1.52721,1.5274,1.10,1.00
2014.09.01 16:36:00.533,1.52719,1.5274,1.19,1.87
2014.09.01 16:36:00.842,1.52716,1.52739,1.31,1.37
2014.09.01 16:36:00.893,1.52716,1.52739,1.31,1.62
2014.09.01 16:36:01.146,1.52716,1.52735,1.31,1.00
2014.09.01 16:36:01.852,1.52716,1.52735,1.31,1.00
2014.09.01 16:36:02.724,1.52716,1.52734,1.31,1.00
2014.09.01 16:36:11.056,1.52714,1.52734,1.19,1.00
2014.09.01 16:36:11.571,1.52714,1.52734,1.00,1.00
2014.09.01 16:36:20.788,1.52713,1.52734,1.19,1.50
2014.09.01 16:36:22.391,1.52713,1.52734,1.19,1.50
2014.09.01 16:36:27.120,1.52715,1.52734,1.00,1.00
2014.09.01 16:36:29.133,1.52714,1.52734,1.31,1.87
2014.09.01 16:36:30.140,1.52713,1.52734,1.25,2.06
2014.09.01 16:36:46.884,1.52716,1.52734,1.00,1.37
2014.09.01 16:36:46.935,1.52717,1.52734,1.20,1.00
2014.09.01 16:36:46.986,1.5272,1.52734,1.00,1.00
2014.09.01 16:36:47.088,1.52721,1.52739,1.00,1.25
2014.09.01 16:36:47.291,1.52719,1.52739,1.50,1.25
2014.09.01 16:36:48.722,1.52722,1.52739,1.00,1.25
2014.09.01 16:36:49.526,1.52723,1.5274,1.00,1.31
2014.09.01 16:36:49.577,1.52721,1.5274,1.00,1.31
2014.09.01 16:36:54.339,1.52721,1.52739,1.00,1.37
2014.09.01 16:37:00.279,1.5272,1.52739,1.00,2.44
2014.09.01 16:37:00.330,1.52717,1.52739,1.87,2.59
2014.09.01 16:37:00.836,1.52713,1.52735,1.19,1.37
2014.09.01 16:37:01.308,1.52713,1.52735,1.25,1.56
2014.09.01 16:37:04.666,1.52713,1.52735,1.00,1.56
2014.09.01 16:37:05.902,1.52713,1.52734,1.00,1.56
2014.09.01 16:37:06.919,1.52712,1.52734,2.32,1.62
2014.09.01 16:37:07.633,1.52712,1.52734,2.32,1.62
2014.09.01 16:37:09.175,1.52712,1.52734,2.51,1.37
2014.09.01 16:37:10.301,1.52712,1.52734,2.51,1.62
2014.09.01 16:37:11.777,1.52712,1.52734,2.51,1.37
2014.09.01 16:37:20.691,1.52712,1.52735,1.76,1.56
2014.09.01 16:37:22.794,1.52712,1.52735,1.69,1.62
2014.09.01 16:37:29.196,1.52713,1.52734,1.00,1.37
2014.09.01 16:37:34.594,1.52713,1.52734,1.00,1.00
2014.09.01 16:37:34.933,1.52713,1.52735,1.69,1.00
2014.09.01 16:37:37.918,1.52714,1.52736,1.19,1.31
2014.09.01 16:37:38.425,1.52714,1.52736,1.25,1.31
2014.09.01 16:37:40.322,1.52714,1.52736,1.00,1.31
2014.09.01 16:37:41.109,1.52714,1.52736,1.00,1.62
2014.09.01 16:37:41.706,1.52714,1.52736,1.00,1.56
2014.09.01 16:37:43.372,1.52714,1.52736,1.00,2.14
2014.09.01 16:37:50.379,1.52714,1.52735,1.00,2.06
2014.09.01 16:37:51.442,1.52714,1.52734,1.00,1.56
2014.09.01 16:38:02.051,1.52714,1.52735,1.25,1.62
2014.09.01 16:38:02.879,1.52714,1.52733,1.00,1.00
2014.09.01 16:38:02.982,1.52712,1.52733,1.20,1.00
2014.09.01 16:38:03.159,1.52711,1.52731,1.25,1.00
2014.09.01 16:38:03.210,1.52708,1.52731,1.69,1.50
2014.09.01 16:38:03.362,1.52707,1.5273,2.44,1.37
2014.09.01 16:38:03.565,1.52709,1.52729,1.12,1.25
2014.09.01 16:38:04.072,1.5271,1.5273,1.00,1.00
2014.09.01 16:38:04.298,1.5271,1.52734,1.00,3.26
2014.09.01 16:38:04.551,1.52712,1.52734,1.00,3.19
2014.09.01 16:38:05.086,1.52712,1.52734,1.50,2.81
2014.09.01 16:38:05.898,1.52726,1.52734,1.00,1.50
2014.09.01 16:38:06.102,1.52724,1.52738,1.00,1.00
2014.09.01 16:38:06.306,1.52723,1.52745,1.87,2.06
2014.09.01 16:38:06.357,1.52725,1.52745,1.00,1.56
2014.09.01 16:38:08.105,1.52725,1.52744,1.00,1.31
2014.09.01 16:38:10.058,1.52724,1.52744,1.00,1.31
2014.09.01 16:38:10.110,1.52723,1.52744,1.50,1.62
2014.09.01 16:38:26.725,1.52723,1.52744,1.50,1.56
2014.09.01 16:38:27.287,1.52723,1.52745,1.50,2.06
2014.09.01 16:38:28.525,1.52723,1.52745,1.50,2.06
2014.09.01 16:38:28.830,1.52732,1.52745,1.00,1.00
2014.09.01 16:38:29.084,1.52733,1.52749,1.00,1.19
2014.09.01 16:38:30.830,1.52733,1.52749,1.00,1.25
2014.09.01 16:38:33.793,1.52732,1.52749,1.00,1.00
2014.09.01 16:38:34.960,1.52732,1.52749,1.00,1.19
2014.09.01 16:38:35.011,1.52733,1.52745,1.00,1.00
2014.09.01 16:38:36.019,1.52732,1.52745,1.00,1.00
2014.09.01 16:38:36.223,1.5273,1.52745,1.50,1.00
2014.09.01 16:38:40.393,1.5273,1.52744,1.00,1.00
2014.09.01 16:38:40.925,1.52726,1.52744,1.84,1.00
2014.09.01 16:38:41.724,1.52726,1.52744,1.17,1.00
2014.09.01 16:38:42.403,1.52726,1.52745,1.17,1.25
2014.09.01 16:38:43.017,1.52726,1.52744,1.17,1.00
2014.09.01 16:38:44.147,1.52726,1.52745,1.17,1.25
2014.09.01 16:38:44.756,1.52726,1.52745,1.17,1.19
2014.09.01 16:38:45.863,1.52726,1.52745,1.17,1.31
2014.09.01 16:38:48.942,1.52726,1.52745,1.00,1.31
2014.09.01 16:38:49.464,1.52726,1.52745,1.00,1.31
2014.09.01 16:38:51.508,1.52726,1.52745,1.12,1.25
2014.09.01 16:39:11.233,1.52726,1.52745,1.87,1.00
2014.09.01 16:39:11.836,1.52726,1.52739,1.87,1.00
2014.09.01 16:39:17.915,1.52726,1.52744,1.87,1.00
2014.09.01 16:39:18.158,1.52726,1.52739,1.87,1.00
2014.09.01 16:39:19.145,1.52726,1.52739,1.50,1.00
2014.09.01 16:39:27.016,1.52726,1.52745,1.87,1.19
2014.09.01 16:39:27.935,1.52726,1.52745,1.87,1.19
2014.09.01 16:39:29.437,1.52726,1.52745,1.87,1.19
2014.09.01 16:39:36.350,1.52726,1.52745,1.87,1.25
2014.09.01 16:39:36.400,1.52727,1.52744,1.37,1.00
2014.09.01 16:39:37.553,1.52727,1.52745,1.00,1.25
2014.09.01 16:39:38.065,1.52724,1.52745,1.95,1.25
2014.09.01 16:39:38.117,1.52724,1.52745,1.95,1.31
2014.09.01 16:39:38.975,1.52724,1.52744,1.95,1.00
2014.09.01 16:39:39.690,1.52722,1.52744,2.02,1.19
2014.09.01 16:39:40.194,1.52722,1.52744,2.02,1.25
2014.09.01 16:39:40.678,1.52722,1.5274,1.90,1.00
2014.09.01 16:39:48.356,1.52722,1.52744,1.27,2.06
2014.09.01 16:39:49.920,1.52722,1.52744,1.20,2.06
2014.09.01 16:39:51.577,1.52722,1.52744,1.20,2.06
2014.09.01 16:40:12.366,1.52722,1.52744,1.20,2.06
2014.09.01 16:40:14.123,1.52722,1.52744,1.20,2.81
2014.09.01 16:40:22.266,1.52721,1.52744,1.15,1.69
2014.09.01 16:40:23.539,1.52722,1.52744,1.20,1.69
2014.09.01 16:40:31.152,1.52722,1.52744,1.27,1.19
2014.09.01 16:40:32.455,1.52722,1.52744,1.27,1.19
2014.09.01 16:40:36.189,1.52722,1.52744,1.46,1.19
2014.09.01 16:40:37.846,1.52723,1.52745,1.00,2.44
2014.09.01 16:40:42.470,1.52723,1.52745,1.00,2.44
2014.09.01 16:40:43.907,1.52723,1.52743,1.00,1.19
2014.09.01 16:40:45.075,1.52723,1.52744,1.00,1.19
2014.09.01 16:40:49.182,1.52723,1.52745,1.00,2.44
2014.09.01 16:40:51.186,1.52723,1.52745,1.00,2.44
2014.09.01 16:40:59.406,1.52723,1.52744,1.50,1.19
2014.09.01 16:40:59.956,1.52723,1.52744,1.50,1.19
2014.09.01 16:41:01.017,1.52723,1.52744,1.50,1.69
2014.09.01 16:41:02.630,1.52725,1.52744,1.00,1.19
2014.09.01 16:41:04.312,1.52725,1.52745,1.00,1.69
2014.09.01 16:41:05.517,1.52725,1.52744,1.00,1.25
2014.09.01 16:41:05.619,1.52727,1.52745,1.00,1.19
2014.09.01 16:41:09.866,1.52727,1.52745,1.00,1.00
2014.09.01 16:41:10.408,1.52727,1.52749,1.00,2.44
2014.09.01 16:41:10.945,1.52728,1.52749,1.50,2.44
2014.09.01 16:41:11.432,1.52728,1.52744,1.50,1.00
2014.09.01 16:41:12.617,1.52728,1.52745,1.50,1.25
2014.09.01 16:41:15.635,1.52728,1.52744,1.50,1.00
2014.09.01 16:41:15.752,1.52726,1.52744,2.40,1.00
2014.09.01 16:41:27.026,1.52726,1.52745,2.25,1.00
2014.09.01 16:41:28.029,1.52726,1.52745,3.00,1.00
2014.09.01 16:41:28.434,1.52729,1.52745,1.00,1.00
2014.09.01 16:41:29.344,1.52729,1.52749,1.00,1.19
2014.09.01 16:41:30.063,1.52729,1.5275,1.00,1.69
2014.09.01 16:41:41.589,1.52731,1.5275,1.00,1.69
2014.09.01 16:41:42.130,1.52732,1.5275,1.20,1.19
2014.09.01 16:41:42.483,1.52732,1.5275,1.20,1.25
2014.09.01 16:41:48.796,1.52732,1.5275,1.10,1.19
2014.09.01 16:41:57.711,1.52732,1.5275,1.10,1.19
2014.09.01 16:41:59.429,1.52732,1.5275,1.10,1.19
2014.09.01 16:42:37.144,1.52735,1.52749,1.00,1.00
2014.09.01 16:42:37.574,1.52736,1.52754,1.00,1.69
2014.09.01 16:42:38.082,1.52736,1.52754,1.00,1.19
2014.09.01 16:42:38.905,1.52736,1.52754,1.00,1.19
2014.09.01 16:42:41.058,1.52737,1.52755,1.00,1.56
2014.09.01 16:42:41.975,1.52736,1.52755,1.00,2.06
2014.09.01 16:42:42.127,1.52736,1.52754,1.00,1.56
2014.09.01 16:42:43.731,1.52736,1.5275,1.00,1.00
2014.09.01 16:42:51.255,1.52735,1.5275,1.00,1.00
2014.09.01 16:42:52.356,1.52734,1.5275,1.00,1.00
2014.09.01 16:42:54.805,1.52734,1.52755,1.00,2.06
2014.09.01 16:43:00.634,1.52734,1.52749,1.00,1.00
2014.09.01 16:43:01.074,1.52734,1.52755,1.00,1.69
2014.09.01 16:43:02.944,1.52734,1.52749,1.00,1.00
2014.09.01 16:43:05.034,1.52734,1.52754,1.00,1.19
2014.09.01 16:43:07.346,1.52735,1.52754,1.00,1.19
2014.09.01 16:43:07.498,1.52735,1.52749,1.00,1.00
2014.09.01 16:43:08.132,1.52734,1.52749,1.87,1.00
2014.09.01 16:43:12.301,1.52736,1.52749,1.00,1.00
2014.09.01 16:43:22.791,1.52735,1.52749,1.00,1.00
2014.09.01 16:43:23.853,1.52735,1.5275,1.00,1.00
2014.09.01 16:43:29.043,1.52735,1.52744,1.00,1.00
2014.09.01 16:43:29.144,1.52735,1.52749,1.00,1.00
2014.09.01 16:43:29.356,1.52735,1.52744,1.00,1.00
2014.09.01 16:43:33.302,1.52736,1.52744,1.00,1.00
2014.09.01 16:43:36.806,1.52734,1.52744,1.00,1.00
2014.09.01 16:43:36.857,1.52734,1.52749,1.00,1.00
2014.09.01 16:43:42.510,1.52734,1.52749,1.37,1.00
2014.09.01 16:43:48.500,1.52734,1.52744,1.37,1.00
2014.09.01 16:43:51.581,1.52734,1.5275,1.37,1.00
2014.09.01 16:43:54.431,1.52734,1.52749,1.37,1.00
2014.09.01 16:44:00.344,1.52735,1.52749,1.87,1.00
2014.09.01 16:44:01.573,1.52736,1.5275,1.12,1.00
2014.09.01 16:44:03.332,1.52736,1.52749,1.12,1.00
2014.09.01 16:44:04.213,1.52736,1.52754,1.12,1.19
2014.09.01 16:44:05.757,1.52736,1.52749,1.12,1.00
2014.09.01 16:44:05.862,1.52736,1.52755,1.12,1.69
2014.09.01 16:44:13.868,1.52736,1.52755,1.12,1.19
2014.09.01 16:44:15.371,1.52736,1.52754,1.12,1.19
2014.09.01 16:44:15.891,1.52736,1.52754,1.37,1.19
2014.09.01 16:44:16.210,1.52736,1.5275,1.37,1.00
2014.09.01 16:44:17.275,1.52736,1.5275,1.37,1.19
2014.09.01 16:44:17.478,1.52731,1.52745,1.87,1.00
2014.09.01 16:44:17.981,1.52731,1.52744,1.37,1.00
2014.09.01 16:44:18.496,1.52729,1.52745,1.37,1.00
2014.09.01 16:44:18.851,1.52728,1.5274,1.37,1.00
2014.09.01 16:44:19.004,1.52727,1.5274,1.00,1.00
2014.09.01 16:44:19.106,1.52725,1.5274,2.02,1.00
2014.09.01 16:44:19.208,1.52725,1.52744,2.02,1.25
2014.09.01 16:44:19.311,1.52725,1.5274,2.02,1.00
2014.09.01 16:44:19.636,1.52725,1.52744,2.77,1.25
2014.09.01 16:44:20.984,1.52725,1.52745,1.00,2.06
2014.09.01 16:44:21.814,1.52725,1.52739,1.00,1.00
2014.09.01 16:44:22.366,1.52725,1.5274,1.00,1.00
2014.09.01 16:44:23.352,1.52725,1.52739,1.00,1.00
2014.09.01 16:44:29.623,1.52725,1.52745,1.20,2.06
2014.09.01 16:44:30.507,1.52725,1.52745,1.20,1.31
2014.09.01 16:44:33.678,1.52725,1.52744,2.02,1.19
2014.09.01 16:44:34.529,1.52725,1.52744,1.65,1.19
2014.09.01 16:44:35.141,1.52725,1.52744,1.65,1.25
2014.09.01 16:44:36.211,1.52725,1.52744,1.65,1.19
2014.09.01 16:44:38.924,1.52725,1.52744,1.65,1.25
2014.09.01 16:44:40.218,1.52725,1.52744,1.72,1.19
2014.09.01 16:44:41.638,1.52725,1.52744,1.72,1.25
2014.09.01 16:44:43.568,1.52725,1.52739,2.47,1.00
2014.09.01 16:44:44.152,1.52725,1.5274,1.10,1.25
2014.09.01 16:44:46.121,1.52723,1.52739,1.17,1.00
2014.09.01 16:45:00.971,1.52725,1.52745,1.20,2.06
2014.09.01 16:45:01.510,1.52725,1.52745,1.20,1.56
2014.09.01 16:45:01.870,1.52725,1.52739,1.20,1.00
2014.09.01 16:45:02.844,1.52725,1.52745,1.20,1.19
2014.09.01 16:45:03.766,1.52725,1.52745,1.20,1.19
2014.09.01 16:45:06.211,1.52727,1.52745,1.00,1.00
2014.09.01 16:45:07.589,1.52727,1.52744,2.02,1.00
2014.09.01 16:45:13.648,1.52729,1.52744,1.00,1.00
2014.09.01 16:45:14.214,1.5273,1.52744,1.00,1.00
2014.09.01 16:45:18.903,1.5273,1.52745,1.00,1.00
2014.09.01 16:45:25.014,1.52728,1.52745,1.00,1.00
2014.09.01 16:45:26.989,1.52728,1.52745,1.65,1.00
2014.09.01 16:45:27.727,1.52729,1.52744,1.10,1.00
2014.09.01 16:45:28.413,1.52729,1.52749,1.10,1.69
2014.09.01 16:45:28.616,1.52726,1.52745,1.80,1.00
2014.09.01 16:45:28.769,1.52726,1.52746,1.10,1.19
2014.09.01 16:45:28.922,1.52728,1.52749,1.00,1.69
2014.09.01 16:45:30.022,1.52728,1.52749,1.00,1.19
2014.09.01 16:45:30.406,1.5273,1.52749,1.00,1.19
2014.09.01 16:45:31.124,1.5273,1.52749,1.57,1.25
2014.09.01 16:45:32.427,1.52729,1.52749,1.17,1.31
2014.09.01 16:45:32.880,1.52729,1.52744,1.17,1.00
2014.09.01 16:45:38.593,1.52729,1.5275,1.17,2.81
2014.09.01 16:45:39.141,1.52729,1.5275,1.17,2.81
2014.09.01 16:45:41.374,1.5273,1.52749,1.10,1.25
2014.09.01 16:45:47.656,1.5273,1.52751,1.20,1.19
2014.09.01 16:45:49.159,1.5273,1.52752,1.20,2.44
2014.09.01 16:46:09.397,1.5273,1.52749,1.12,1.19
2014.09.01 16:46:11.630,1.52729,1.52749,1.50,1.19
2014.09.01 16:46:14.218,1.52729,1.52749,1.50,1.25
2014.09.01 16:46:23.581,1.52729,1.5275,1.50,1.25
2014.09.01 16:46:24.527,1.52729,1.5275,1.50,1.19
2014.09.01 16:46:28.634,1.52729,1.52751,1.50,1.19
2014.09.01 16:46:33.744,1.52729,1.52751,1.50,1.19
2014.09.01 16:46:35.146,1.52729,1.52751,1.50,1.19
2014.09.01 16:46:38.151,1.52729,1.52751,1.50,1.19
2014.09.01 16:46:39.754,1.52729,1.5275,1.00,1.19
2014.09.01 16:46:43.763,1.52728,1.5275,2.02,2.44
2014.09.01 16:46:45.165,1.52728,1.5275,2.02,2.44
2014.09.01 16:46:46.164,1.52728,1.52749,1.37,1.19
2014.09.01 16:46:46.848,1.52728,1.52749,1.62,1.25
2014.09.01 16:46:48.816,1.52728,1.52749,1.62,1.25
2014.09.01 16:46:51.244,1.52731,1.52749,1.00,1.25
2014.09.01 16:46:52.180,1.52731,1.52753,1.00,1.69
2014.09.01 16:46:54.786,1.52731,1.52753,1.00,1.69
2014.09.01 16:47:02.652,1.52734,1.52749,1.00,1.00
2014.09.01 16:47:07.371,1.52734,1.52753,1.00,1.19
2014.09.01 16:47:07.473,1.52732,1.52753,1.20,1.19
2014.09.01 16:47:07.681,1.52734,1.52753,1.00,1.19
2014.09.01 16:47:08.182,1.52731,1.52749,2.02,1.00
2014.09.01 16:47:13.193,1.52731,1.5275,2.02,1.25
2014.09.01 16:47:13.701,1.52732,1.5275,2.40,1.19
2014.09.01 16:47:14.232,1.52732,1.52752,2.40,1.69
2014.09.01 16:47:16.736,1.52732,1.52752,2.85,1.19
2014.09.01 16:47:19.040,1.52732,1.52752,2.85,1.69
2014.09.01 16:47:19.193,1.52728,1.52749,1.37,1.69
2014.09.01 16:47:19.294,1.52727,1.52749,1.20,1.69
2014.09.01 16:47:19.497,1.52727,1.52747,1.07,1.00
2014.09.01 16:47:19.957,1.52727,1.52747,1.07,1.19
2014.09.01 16:47:20.628,1.52727,1.52748,1.15,1.69
2014.09.01 16:47:21.160,1.52727,1.52748,1.15,1.69
2014.09.01 16:47:23.812,1.52727,1.52748,1.00,1.69
2014.09.01 16:47:25.356,1.52727,1.52748,1.00,1.69
2014.09.01 16:47:25.458,1.52725,1.52748,1.00,1.69
2014.09.01 16:47:25.959,1.52725,1.52744,1.00,1.00
2014.09.01 16:47:27.124,1.52725,1.52748,1.00,1.19
2014.09.01 16:47:29.266,1.52725,1.52747,1.00,1.69
2014.09.01 16:47:30.468,1.52725,1.52747,1.00,1.69
2014.09.01 16:47:35.477,1.52725,1.52746,1.00,1.19
2014.09.01 16:47:40.290,1.52725,1.52745,1.00,1.19
2014.09.01 16:47:41.639,1.52725,1.52746,1.00,1.19
2014.09.01 16:47:46.301,1.52725,1.52747,1.00,2.06
2014.09.01 16:47:46.847,1.52725,1.52746,1.00,1.19
2014.09.01 16:47:47.620,1.52724,1.52745,1.00,1.19
2014.09.01 16:47:48.044,1.52722,1.52743,1.17,1.19
2014.09.01 16:47:49.016,1.52722,1.52743,1.17,1.19
2014.09.01 16:47:49.308,1.52722,1.52744,1.17,1.19
2014.09.01 16:47:49.613,1.52723,1.52741,1.10,1.19
2014.09.01 16:47:49.665,1.52719,1.52741,1.07,1.31
2014.09.01 16:47:49.868,1.52718,1.52739,1.31,1.25
2014.09.01 16:47:49.919,1.52718,1.52739,1.12,1.69
2014.09.01 16:47:52.314,1.52718,1.52738,1.00,1.31
2014.09.01 16:47:53.517,1.52718,1.52739,1.00,2.06
2014.09.01 16:47:55.859,1.52718,1.52739,1.12,1.69
2014.09.01 16:47:56.823,1.52718,1.52739,1.12,1.19
2014.09.01 16:48:00.129,1.52718,1.52739,1.12,1.69
2014.09.01 16:48:01.232,1.52718,1.52739,1.12,1.19
2014.09.01 16:48:04.236,1.52718,1.52739,1.00,1.19
2014.09.01 16:48:07.142,1.52718,1.52739,1.00,1.69
2014.09.01 16:48:08.112,1.52717,1.52739,1.12,2.44
2014.09.01 16:48:09.161,1.52717,1.52739,1.12,2.44
2014.09.01 16:48:10.283,1.52717,1.52739,1.12,2.44
2014.09.01 16:48:14.242,1.52716,1.52738,1.00,1.69
2014.09.01 16:48:15.228,1.52715,1.52738,1.54,2.44
2014.09.01 16:48:17.862,1.52715,1.52738,1.35,2.44
2014.09.01 16:48:19.965,1.52715,1.52738,1.35,1.69
2014.09.01 16:48:25.889,1.52715,1.52738,1.54,3.19
2014.09.01 16:48:27.681,1.52714,1.52737,2.92,1.19
2014.09.01 16:48:35.996,1.52714,1.52737,2.92,1.19
2014.09.01 16:48:39.508,1.52714,1.52736,2.92,1.19
2014.09.01 16:48:41.349,1.52717,1.52736,1.00,1.19
2014.09.01 16:48:42.068,1.52717,1.52738,1.00,2.06
2014.09.01 16:49:00.197,1.52717,1.52738,1.00,2.06
2014.09.01 16:49:07.060,1.52717,1.52738,1.00,2.06
2014.09.01 16:49:07.162,1.52717,1.52738,1.12,1.00
2014.09.01 16:49:07.213,1.52719,1.52738,1.12,1.00
2014.09.01 16:49:07.519,1.52722,1.52741,1.00,1.19
2014.09.01 16:49:08.314,1.52722,1.52743,1.00,1.19
2014.09.01 16:49:09.467,1.52722,1.52743,1.00,1.19
2014.09.01 16:49:11.270,1.52722,1.52742,1.00,1.19
2014.09.01 16:49:22.191,1.52722,1.52744,1.00,2.44
2014.09.01 16:49:23.293,1.52722,1.52743,1.00,1.19
2014.09.01 16:49:28.303,1.52722,1.52742,1.00,1.19
2014.09.01 16:49:30.608,1.52722,1.52743,1.00,1.19
2014.09.01 16:49:31.609,1.52722,1.52744,1.00,2.44
2014.09.01 16:49:42.857,1.52723,1.52744,1.00,1.19
2014.09.01 16:49:44.367,1.52723,1.52744,1.00,1.25
2014.09.01 16:49:46.323,1.52723,1.52745,1.37,1.69
2014.09.01 16:49:54.288,1.52723,1.52744,1.37,1.19
2014.09.01 16:50:06.899,1.52723,1.52744,1.12,1.19
2014.09.01 16:50:07.230,1.52722,1.52743,1.37,1.69
2014.09.01 16:50:07.433,1.52718,1.5274,1.95,1.19
2014.09.01 16:50:07.960,1.52718,1.5274,1.37,1.19
2014.09.01 16:50:08.502,1.52718,1.5274,1.37,1.69
2014.09.01 16:50:09.904,1.52718,1.5274,1.37,2.44
2014.09.01 16:50:11.883,1.52718,1.52739,1.37,1.19
2014.09.01 16:50:12.597,1.52718,1.52741,1.37,1.69
2014.09.01 16:50:15.626,1.52717,1.52739,1.37,1.69
2014.09.01 16:50:15.728,1.52716,1.52737,2.02,1.19
2014.09.01 16:50:16.624,1.52716,1.52737,1.37,1.69
2014.09.01 16:50:17.190,1.52716,1.52735,1.00,1.19
2014.09.01 16:50:17.494,1.5271,1.52732,1.37,1.19
2014.09.01 16:50:18.001,1.52708,1.5273,3.07,1.19
2014.09.01 16:50:18.306,1.52708,1.5273,2.70,1.19
2014.09.01 16:50:18.618,1.52711,1.52729,1.37,1.25
2014.09.01 16:50:19.328,1.52711,1.52729,1.37,1.19
2014.09.01 16:50:21.119,1.52711,1.52729,1.37,1.25
2014.09.01 16:50:25.917,1.52711,1.52729,1.37,1.25
2014.09.01 16:50:26.389,1.52708,1.52729,2.14,1.25
2014.09.01 16:50:27.236,1.52708,1.52729,1.95,1.19
2014.09.01 16:50:28.431,1.5271,1.52732,1.65,1.19
2014.09.01 16:50:29.740,1.52711,1.52732,1.00,1.19
2014.09.01 16:50:32.199,1.52712,1.52733,1.00,1.69
2014.09.01 16:50:32.959,1.52712,1.52733,1.00,1.69
2014.09.01 16:50:34.710,1.52711,1.52732,1.00,1.19
2014.09.01 16:50:35.717,1.52711,1.52731,1.00,1.19
2014.09.01 16:50:37.483,1.52711,1.52732,1.65,1.31
2014.09.01 16:50:40.187,1.52711,1.52732,1.65,2.06
2014.09.01 16:50:40.927,1.52712,1.52732,1.00,1.19
2014.09.01 16:50:41.469,1.52712,1.52732,1.00,1.69
2014.09.01 16:50:42.291,1.52712,1.52732,1.00,1.19
2014.09.01 16:50:43.295,1.52712,1.52732,1.00,1.69
2014.09.01 16:50:43.803,1.52711,1.52731,1.12,1.19
2014.09.01 16:50:46.500,1.52711,1.52731,1.12,1.19
2014.09.01 16:50:47.751,1.52711,1.52731,1.00,1.19
2014.09.01 16:50:49.856,1.52711,1.52731,1.12,1.25
2014.09.01 16:50:50.838,1.52711,1.52731,1.12,1.19
2014.09.01 16:50:55.842,1.52711,1.52732,2.02,1.19
2014.09.01 16:50:56.422,1.52711,1.52732,2.21,1.00
2014.09.01 16:50:59.689,1.52711,1.52732,1.00,2.06
2014.09.01 16:51:00.644,1.52711,1.52732,1.00,2.06
2014.09.01 16:51:01.855,1.52711,1.52731,1.00,1.19
2014.09.01 16:51:02.837,1.52711,1.52731,1.00,1.25
2014.09.01 16:51:03.742,1.52707,1.52731,2.21,1.25
2014.09.01 16:51:03.940,1.52707,1.52731,2.21,1.19
2014.09.01 16:51:05.691,1.52707,1.52728,1.36,1.12
2014.09.01 16:51:10.925,1.52707,1.5273,1.55,1.31
2014.09.01 16:51:14.687,1.52707,1.52731,1.74,2.81
2014.09.01 16:51:15.588,1.52707,1.52731,1.55,2.81
2014.09.01 16:51:16.405,1.52708,1.52731,1.67,2.44
2014.09.01 16:51:16.937,1.52708,1.52731,2.29,1.50
2014.09.01 16:51:17.584,1.52708,1.52731,2.29,1.69
2014.09.01 16:51:23.177,1.52708,1.5273,1.91,1.19
2014.09.01 16:51:25.581,1.52708,1.5273,1.65,1.25
2014.09.01 16:51:26.985,1.52708,1.52729,1.65,1.00
2014.09.01 16:51:27.589,1.52707,1.52729,1.01,1.87
2014.09.01 16:51:27.995,1.52707,1.52729,1.72,1.19
2014.09.01 16:51:29.192,1.52707,1.52729,1.10,1.69
2014.09.01 16:51:33.400,1.52705,1.52728,1.99,1.69
2014.09.01 16:51:40.338,1.52705,1.52728,1.99,1.69
2014.09.01 16:51:50.152,1.52706,1.52728,1.09,1.69
2014.09.01 16:51:56.543,1.52706,1.52728,1.00,1.25
2014.09.01 16:51:58.547,1.52706,1.52728,1.25,1.19
2014.09.01 16:51:59.056,1.52706,1.52725,1.25,1.00
2014.09.01 16:52:00.596,1.52706,1.52728,1.00,1.25
2014.09.01 16:52:01.955,1.52706,1.52728,1.00,1.19
2014.09.01 16:52:05.002,1.52707,1.52729,1.00,1.19
2014.09.01 16:52:06.982,1.52707,1.52729,1.00,1.25
2014.09.01 16:52:08.164,1.52707,1.52729,2.02,1.25
2014.09.01 16:52:08.367,1.52708,1.52731,1.57,1.29
2014.09.01 16:52:08.418,1.5271,1.52731,1.57,1.10
2014.09.01 16:52:08.723,1.52716,1.52734,1.00,1.71
2014.09.01 16:52:08.774,1.52716,1.52734,1.00,1.37
2014.09.01 16:52:08.825,1.52712,1.52734,1.25,1.37
2014.09.01 16:52:09.657,1.52712,1.52734,1.69,1.00
2014.09.01 16:52:09.708,1.52712,1.52734,2.06,1.00
2014.09.01 16:52:11.778,1.52714,1.52734,1.46,1.00
2014.09.01 16:52:12.530,1.52714,1.52737,2.96,1.40
2014.09.01 16:52:20.798,1.52714,1.52738,2.59,1.84
2014.09.01 16:52:24.703,1.52714,1.52738,2.59,1.84
2014.09.01 16:52:26.045,1.52718,1.52739,1.12,1.84
2014.09.01 16:52:26.910,1.52718,1.52739,1.12,2.25
2014.09.01 16:52:29.140,1.52718,1.52739,1.00,1.69
2014.09.01 16:52:30.252,1.52718,1.52739,1.00,1.50
2014.09.01 16:52:32.272,1.52718,1.52738,1.00,1.00
2014.09.01 16:52:35.893,1.52718,1.52739,1.25,1.69
2014.09.01 16:52:41.442,1.52718,1.52739,1.00,1.19
2014.09.01 16:52:42.544,1.52718,1.52739,1.00,1.00
2014.09.01 16:52:57.501,1.52718,1.52739,1.31,1.00
2014.09.01 16:52:57.932,1.52723,1.52741,1.00,1.00
2014.09.01 16:52:58.135,1.5272,1.5274,1.50,1.00
2014.09.01 16:52:58.390,1.52717,1.52737,1.19,1.00
2014.09.01 16:52:59.283,1.52717,1.52737,1.25,1.00
2014.09.01 16:53:02.305,1.52717,1.52734,1.00,1.00
2014.09.01 16:53:04.655,1.52717,1.52738,1.25,1.25
2014.09.01 16:53:04.706,1.52719,1.52738,1.00,1.25
2014.09.01 16:53:05.011,1.52714,1.52735,1.70,1.69
2014.09.01 16:53:05.112,1.52713,1.52735,1.19,1.25
2014.09.01 16:53:05.163,1.52714,1.52735,1.62,1.25
2014.09.01 16:53:05.468,1.52715,1.52738,2.14,1.37
2014.09.01 16:53:05.845,1.52715,1.5274,2.14,2.25
2014.09.01 16:53:06.204,1.52715,1.52738,2.14,1.00
2014.09.01 16:53:06.710,1.52715,1.52738,2.14,1.00
2014.09.01 16:53:07.278,1.52715,1.52738,2.14,1.50
2014.09.01 16:53:07.583,1.52714,1.52734,1.25,1.84
2014.09.01 16:53:07.925,1.52714,1.52729,1.25,1.00
2014.09.01 16:53:08.259,1.5271,1.52732,2.14,1.00
2014.09.01 16:53:08.700,1.5271,1.5273,1.39,1.00
2014.09.01 16:53:09.212,1.5271,1.52729,1.39,1.00
2014.09.01 16:53:09.722,1.5271,1.5273,1.39,1.00
2014.09.01 16:53:09.784,1.5271,1.52725,1.39,1.00
2014.09.01 16:53:11.152,1.5271,1.5273,1.39,1.00
2014.09.01 16:53:11.203,1.5271,1.5273,1.39,1.00
2014.09.01 16:53:12.535,1.5271,1.52729,1.66,1.00
2014.09.01 16:53:12.688,1.5271,1.52734,1.66,3.56
2014.09.01 16:53:13.635,1.5271,1.5273,1.66,1.00
2014.09.01 16:53:26.834,1.5271,1.52734,1.66,2.81
2014.09.01 16:53:27.521,1.5271,1.52734,2.29,3.56
2014.09.01 16:53:28.779,1.5271,1.52734,2.21,3.19
2014.09.01 16:53:29.800,1.5271,1.52734,2.21,3.56
2014.09.01 16:53:29.851,1.5271,1.52729,2.21,1.00
2014.09.01 16:53:30.564,1.5271,1.5273,1.09,1.00
2014.09.01 16:53:32.115,1.52709,1.52729,1.19,1.00
2014.09.01 16:53:32.909,1.52709,1.52729,1.00,1.00
2014.09.01 16:53:33.472,1.5271,1.52729,1.20,1.00
2014.09.01 16:53:34.128,1.52709,1.52731,1.00,1.56
2014.09.01 16:53:34.646,1.52708,1.52729,1.27,1.00
2014.09.01 16:53:37.392,1.52707,1.52729,1.09,1.12
2014.09.01 16:53:39.919,1.52706,1.52729,1.31,1.31
2014.09.01 16:53:40.425,1.52706,1.5273,2.21,2.06
2014.09.01 16:53:41.446,1.52706,1.5273,1.31,2.06
2014.09.01 16:53:47.823,1.52708,1.5273,2.96,1.00
2014.09.01 16:53:48.541,1.52708,1.5273,2.96,1.00
2014.09.01 16:53:48.642,1.5271,1.52732,2.21,1.10
2014.09.01 16:53:48.693,1.52713,1.52734,1.00,3.26
2014.09.01 16:53:48.744,1.52713,1.52734,1.19,1.50
2014.09.01 16:53:49.099,1.52716,1.5274,1.00,3.26
2014.09.01 16:53:49.201,1.52716,1.5274,1.00,1.76
2014.09.01 16:53:49.252,1.52718,1.5274,1.00,1.57
2014.09.01 16:53:49.557,1.52723,1.52739,1.00,1.00
2014.09.01 16:53:49.608,1.52723,1.52744,1.00,1.20
2014.09.01 16:53:50.115,1.52724,1.52745,1.50,1.00
2014.09.01 16:53:50.619,1.52724,1.52744,1.50,1.00
2014.09.01 16:53:54.401,1.52726,1.52744,1.00,1.00
2014.09.01 16:53:55.806,1.52726,1.52745,1.00,1.00
2014.09.01 16:53:56.314,1.52726,1.52744,1.00,1.00
2014.09.01 16:53:59.063,1.52726,1.52739,1.00,1.00
2014.09.01 16:53:59.419,1.52723,1.52744,1.87,1.00
2014.09.01 16:53:59.622,1.52723,1.5274,1.50,1.00
2014.09.01 16:54:02.185,1.52723,1.52739,1.00,1.00
2014.09.01 16:54:02.236,1.52719,1.52739,1.26,1.00
2014.09.01 16:54:02.288,1.52718,1.52739,1.25,1.00
2014.09.01 16:54:02.339,1.52718,1.52739,1.25,1.37
2014.09.01 16:54:02.441,1.52717,1.5274,1.76,1.37
2014.09.01 16:54:02.944,1.52717,1.5274,1.76,1.87
2014.09.01 16:54:03.624,1.52717,1.5274,1.76,2.06
2014.09.01 16:54:05.767,1.52717,1.5274,1.76,2.06
2014.09.01 16:54:07.705,1.52717,1.5274,1.76,1.69
2014.09.01 16:54:07.860,1.52717,1.5274,1.76,2.06
2014.09.01 16:54:08.088,1.52717,1.5274,1.76,1.69
2014.09.01 16:54:08.264,1.52717,1.5274,1.76,2.06
2014.09.01 16:54:10.268,1.52717,1.5274,1.76,2.06
2014.09.01 16:54:15.180,1.52717,1.5274,1.76,2.06
2014.09.01 16:54:16.680,1.52717,1.5274,2.47,2.06
2014.09.01 16:54:19.085,1.52717,1.5274,2.66,2.06
2014.09.01 16:54:20.080,1.52717,1.52739,2.66,1.00
2014.09.01 16:54:20.714,1.52717,1.52739,1.76,1.00
2014.09.01 16:54:21.383,1.52717,1.52739,2.66,1.25
2014.09.01 16:54:22.535,1.52717,1.52739,2.47,1.00
2014.09.01 16:54:23.527,1.52717,1.52739,1.39,1.00
2014.09.01 16:54:24.602,1.52719,1.52739,1.00,1.00
2014.09.01 16:54:25.162,1.52719,1.5274,1.00,1.31
2014.09.01 16:54:25.944,1.52719,1.52739,1.84,1.00
2014.09.01 16:54:26.712,1.52718,1.52739,1.20,1.00
2014.09.01 16:54:28.744,1.52718,1.52739,1.39,1.00
2014.09.01 16:54:30.307,1.52717,1.52739,1.09,1.00
2014.09.01 16:54:30.628,1.52719,1.52739,1.20,1.00
2014.09.01 16:54:30.882,1.52716,1.52739,1.76,1.00
2014.09.01 16:54:31.509,1.52717,1.52739,1.39,1.00
2014.09.01 16:54:31.889,1.52716,1.52735,1.76,1.00
2014.09.01 16:54:31.991,1.5272,1.52739,1.25,1.00
2014.09.01 16:54:34.416,1.5272,1.52739,1.19,1.00
2014.09.01 16:54:35.519,1.5272,1.52739,1.25,1.00
2014.09.01 16:54:36.621,1.5272,1.52739,1.19,1.00
2014.09.01 16:54:38.840,1.5272,1.52739,1.25,1.00
2014.09.01 16:54:46.749,1.52723,1.52739,1.00,1.00
2014.09.01 16:54:47.275,1.52723,1.5274,1.65,1.00
2014.09.01 16:54:47.723,1.52727,1.5274,1.00,1.00
2014.09.01 16:54:48.028,1.52727,1.52735,1.00,1.00
2014.09.01 16:54:49.011,1.52727,1.52739,1.00,1.00
2014.09.01 16:54:50.144,1.52727,1.5274,1.00,1.00
2014.09.01 16:54:55.665,1.52725,1.5274,1.00,1.00
2014.09.01 16:54:55.819,1.52723,1.5274,2.06,1.00
2014.09.01 16:54:56.033,1.52725,1.5274,1.20,1.00
2014.09.01 16:55:02.644,1.52725,1.52739,1.20,1.00
2014.09.01 16:55:04.660,1.52723,1.52739,1.50,1.00
2014.09.01 16:55:04.865,1.52725,1.5274,1.00,1.00
2014.09.01 16:55:06.144,1.52724,1.5274,1.50,1.00
2014.09.01 16:55:09.094,1.52723,1.5274,1.12,1.00
2014.09.01 16:55:10.196,1.52723,1.5274,1.31,1.00
2014.09.01 16:55:12.725,1.52723,1.5274,1.00,1.00
2014.09.01 16:55:18.016,1.52723,1.5274,1.19,1.00
2014.09.01 16:55:22.885,1.52723,1.5274,1.25,1.00
2014.09.01 16:55:24.622,1.52722,1.5274,1.84,1.00
2014.09.01 16:55:34.734,1.52723,1.5274,1.00,1.00
2014.09.01 16:55:35.293,1.52722,1.5274,1.09,1.00
2014.09.01 16:55:38.774,1.52722,1.5274,1.39,1.00
2014.09.01 16:55:41.053,1.52722,1.5274,1.84,1.00
2014.09.01 16:55:41.819,1.52724,1.5274,1.00,1.00
2014.09.01 16:55:42.198,1.52722,1.5274,1.84,1.00
2014.09.01 16:55:42.703,1.52722,1.5274,1.39,1.00
2014.09.01 16:55:43.266,1.52722,1.5274,1.09,1.00
2014.09.01 16:55:44.892,1.52722,1.52739,1.09,1.00
2014.09.01 16:55:45.467,1.52722,1.5274,1.09,1.00
2014.09.01 16:55:50.263,1.52723,1.5274,1.20,1.00
2014.09.01 16:55:56.886,1.52721,1.52734,1.19,1.00
2014.09.01 16:55:57.139,1.5272,1.5274,1.19,1.00
2014.09.01 16:55:57.383,1.5272,1.5274,1.25,1.00
2014.09.01 16:55:59.426,1.5272,1.52734,1.00,1.00
2014.09.01 16:56:00.064,1.5272,1.52735,1.00,1.00
2014.09.01 16:56:03.437,1.52716,1.52735,2.44,1.00
2014.09.01 16:56:03.960,1.52716,1.52734,1.00,1.00
2014.09.01 16:56:06.359,1.52714,1.52734,2.66,1.00
2014.09.01 16:56:13.404,1.52716,1.52734,1.20,1.00
2014.09.01 16:56:14.023,1.52715,1.52734,1.10,1.00
2014.09.01 16:56:14.619,1.52716,1.52734,1.20,1.00
2014.09.01 16:56:15.364,1.52716,1.5273,1.20,1.00
2014.09.01 16:56:15.820,1.52713,1.52735,1.36,1.50
2014.09.01 16:56:16.324,1.52713,1.52735,1.17,1.69
2014.09.01 16:56:18.323,1.52713,1.52729,1.17,1.00
2014.09.01 16:56:18.425,1.52713,1.52729,1.10,1.00
2014.09.01 16:56:18.979,1.52712,1.52729,1.00,1.00
2014.09.01 16:56:21.073,1.52712,1.5273,1.00,1.25
2014.09.01 16:56:25.594,1.52712,1.52724,1.00,1.00
2014.09.01 16:56:26.611,1.52712,1.5273,1.00,1.00
2014.09.01 16:56:26.917,1.52712,1.52734,1.37,1.00
2014.09.01 16:56:27.380,1.52714,1.52739,1.87,1.12
2014.09.01 16:56:27.736,1.52714,1.5274,2.62,1.00
2014.09.01 16:56:28.267,1.52715,1.52739,1.71,1.00
2014.09.01 16:56:29.371,1.52718,1.52742,1.25,1.00
2014.09.01 16:56:30.992,1.52719,1.52742,1.50,1.00
2014.09.01 16:56:31.093,1.52719,1.5274,1.50,1.00
2014.09.01 16:56:31.621,1.52719,1.5274,2.06,1.00
2014.09.01 16:56:31.875,1.52721,1.52745,1.17,1.69
2014.09.01 16:56:32.412,1.52721,1.52744,1.17,1.50
2014.09.01 16:56:32.994,1.52721,1.52743,1.17,1.00
2014.09.01 16:56:33.105,1.52721,1.5274,1.17,1.00
2014.09.01 16:56:33.612,1.52721,1.5274,1.00,1.00
2014.09.01 16:56:35.725,1.52719,1.5274,2.25,1.00
2014.09.01 16:56:36.485,1.52721,1.5274,1.00,1.00
2014.09.01 16:56:37.794,1.52721,1.52739,1.00,1.00
2014.09.01 16:56:38.299,1.52719,1.52739,2.06,1.00
2014.09.01 16:56:38.350,1.52719,1.52743,2.06,1.10
2014.09.01 16:56:39.132,1.52721,1.52742,1.37,1.00
2014.09.01 16:56:40.598,1.52721,1.52742,1.31,1.00
2014.09.01 16:56:42.187,1.52721,1.52742,1.31,1.00
2014.09.01 16:56:42.449,1.52721,1.52744,1.19,1.50
2014.09.01 16:56:42.956,1.52721,1.52745,2.81,1.00
2014.09.01 16:56:43.694,1.52726,1.52745,1.19,1.00
2014.09.01 16:56:44.202,1.52728,1.52744,1.84,1.00
2014.09.01 16:56:44.811,1.52728,1.52744,1.84,1.00
2014.09.01 16:56:45.580,1.52728,1.52745,1.84,1.00
2014.09.01 16:56:45.834,1.52728,1.52749,1.84,1.00
2014.09.01 16:56:46.465,1.52728,1.5275,1.84,1.00
2014.09.01 16:56:47.004,1.52728,1.5275,1.84,1.00
2014.09.01 16:56:49.232,1.52728,1.52744,1.84,1.00
2014.09.01 16:56:51.556,1.52728,1.52744,1.84,1.00
2014.09.01 16:56:53.302,1.52728,1.52749,1.84,1.00
2014.09.01 16:56:56.098,1.52729,1.5275,1.49,1.00
2014.09.01 16:56:56.614,1.5273,1.5275,1.19,1.00
2014.09.01 16:57:02.132,1.52731,1.52749,1.36,1.00
2014.09.01 16:57:02.233,1.52731,1.52745,1.36,1.00
2014.09.01 16:57:02.438,1.52731,1.52749,1.36,1.00
2014.09.01 16:57:09.143,1.52731,1.52749,1.36,1.00
2014.09.01 16:57:11.048,1.52731,1.52749,1.36,1.00
2014.09.01 16:57:18.024,1.52731,1.52749,1.01,1.00
2014.09.01 16:57:18.961,1.52731,1.52749,1.19,1.00
2014.09.01 16:57:24.105,1.5273,1.52744,1.01,1.00
2014.09.01 16:57:24.308,1.52726,1.52744,1.66,1.00
2014.09.01 16:57:24.818,1.52724,1.52745,2.06,1.00
2014.09.01 16:57:25.364,1.52724,1.52745,2.06,1.00
2014.09.01 16:57:28.601,1.52724,1.52745,1.69,1.00
2014.09.01 16:57:29.711,1.52724,1.52745,1.69,1.00
2014.09.01 16:57:31.629,1.52724,1.52745,1.69,1.00
2014.09.01 16:57:33.796,1.52724,1.52745,1.19,1.00
2014.09.01 16:57:36.100,1.52724,1.52745,1.25,1.25
2014.09.01 16:57:41.702,1.52724,1.52744,1.25,1.00
2014.09.01 16:57:43.213,1.52724,1.52744,1.19,1.00
2014.09.01 16:57:49.067,1.52724,1.52744,1.25,1.00
2014.09.01 16:57:54.372,1.52724,1.52739,1.09,1.00
2014.09.01 16:57:54.828,1.52723,1.52735,1.62,1.00
2014.09.01 16:57:55.133,1.52721,1.52734,1.00,1.00
2014.09.01 16:57:55.639,1.52718,1.52734,1.69,1.00
2014.09.01 16:57:55.691,1.52718,1.52739,1.69,1.00
2014.09.01 16:57:56.279,1.52718,1.5274,1.69,1.00
2014.09.01 16:57:56.967,1.52718,1.52739,1.19,1.00
2014.09.01 16:57:57.761,1.52718,1.5274,1.19,1.00
2014.09.01 16:57:58.293,1.5272,1.5274,1.00,1.00
2014.09.01 16:57:58.800,1.52718,1.52735,1.40,1.00
2014.09.01 16:57:58.901,1.52718,1.52735,1.62,1.00
2014.09.01 16:57:58.953,1.52718,1.52735,1.62,1.00
2014.09.01 16:57:59.004,1.52718,1.52739,1.62,1.00
2014.09.01 16:57:59.055,1.52718,1.52739,1.25,1.00
2014.09.01 16:57:59.157,1.52718,1.52739,1.19,1.00
2014.09.01 16:58:00.340,1.52718,1.52745,1.19,4.09
2014.09.01 16:58:00.442,1.52719,1.5274,1.31,1.00
2014.09.01 16:58:00.951,1.52719,1.52739,1.31,1.00
2014.09.01 16:58:01.463,1.52719,1.52739,1.31,1.00
2014.09.01 16:58:03.992,1.52719,1.52739,1.19,1.00
2014.09.01 16:58:08.065,1.52719,1.52739,1.56,1.00
2014.09.01 16:58:09.311,1.52719,1.52739,1.56,1.00
2014.09.01 16:58:10.470,1.52719,1.52739,1.56,1.00
2014.09.01 16:58:13.613,1.52717,1.52739,3.04,1.50
2014.09.01 16:58:14.180,1.52717,1.52734,1.66,1.00
2014.09.01 16:58:14.779,1.52717,1.52734,1.66,1.00
2014.09.01 16:58:18.085,1.52717,1.52734,1.66,1.00
2014.09.01 16:58:20.131,1.52717,1.52739,1.76,1.00
2014.09.01 16:58:20.667,1.52717,1.5274,1.76,1.25
2014.09.01 16:58:23.073,1.52717,1.52739,1.76,1.00
2014.09.01 16:58:27.288,1.52717,1.52739,1.46,1.00
2014.09.01 16:58:31.414,1.52717,1.52739,1.46,1.00
2014.09.01 16:58:34.753,1.52716,1.52739,1.66,1.25
2014.09.01 16:58:42.737,1.52716,1.52739,1.71,1.19
2014.09.01 16:58:45.342,1.52716,1.52739,1.71,1.00
2014.09.01 16:58:46.074,1.52716,1.52739,1.71,1.00
2014.09.01 16:58:48.068,1.52719,1.5274,1.56,1.00
2014.09.01 16:58:59.120,1.52719,1.5274,2.21,1.00
2014.09.01 16:58:59.628,1.5272,1.52739,1.46,1.00
2014.09.01 16:59:04.860,1.52721,1.52742,1.56,1.00
2014.09.01 16:59:05.035,1.52721,1.52739,1.56,1.00
2014.09.01 16:59:05.086,1.52721,1.52742,1.56,1.00
2014.09.01 16:59:05.300,1.52721,1.5274,1.56,1.00
2014.09.01 16:59:05.849,1.52721,1.52739,1.56,1.00
2014.09.01 16:59:07.340,1.52721,1.52739,1.00,1.12
2014.09.01 16:59:07.391,1.52719,1.52734,1.20,1.00
2014.09.01 16:59:07.442,1.52717,1.52734,1.00,1.00
2014.09.01 16:59:07.646,1.52715,1.52737,2.07,1.50
2014.09.01 16:59:07.849,1.5272,1.52741,1.56,1.00
2014.09.01 16:59:07.900,1.52722,1.52744,1.62,1.95
2014.09.01 16:59:08.053,1.52724,1.52745,1.37,1.12
2014.09.01 16:59:08.560,1.52726,1.52744,1.12,1.00
2014.09.01 16:59:09.363,1.52726,1.52744,1.37,1.00
2014.09.01 16:59:09.668,1.52722,1.5274,2.14,1.00
2014.09.01 16:59:09.719,1.5272,1.5274,1.84,1.00
2014.09.01 16:59:09.820,1.52719,1.52734,2.81,1.00
2014.09.01 16:59:10.335,1.52719,1.52734,2.06,1.00
2014.09.01 16:59:10.386,1.52719,1.52739,2.06,1.00
2014.09.01 16:59:11.529,1.52719,1.5274,2.06,1.00
2014.09.01 16:59:12.434,1.52719,1.5274,2.06,1.00
2014.09.01 16:59:15.640,1.52717,1.52739,2.66,1.00
2014.09.01 16:59:16.123,1.52718,1.5274,1.31,1.50
2014.09.01 16:59:16.226,1.52717,1.52736,1.30,1.00
2014.09.01 16:59:16.735,1.52717,1.52738,1.20,1.00
2014.09.01 16:59:17.659,1.52717,1.52738,1.20,2.06
2014.09.01 16:59:17.710,1.52717,1.52735,1.20,1.00
2014.09.01 16:59:17.863,1.52713,1.52735,2.14,1.00
2014.09.01 16:59:20.112,1.52711,1.52732,1.91,1.00
2014.09.01 16:59:21.148,1.52712,1.52735,1.94,3.75
2014.09.01 16:59:21.664,1.52711,1.52735,3.86,3.00
2014.09.01 16:59:22.326,1.52711,1.52735,3.86,3.00
2014.09.01 16:59:23.391,1.52711,1.52734,2.96,1.12
2014.09.01 16:59:23.442,1.52711,1.52732,1.71,1.00
2014.09.01 16:59:27.600,1.5271,1.52732,1.31,1.37
2014.09.01 16:59:27.651,1.5271,1.52732,1.31,1.56
2014.09.01 16:59:27.703,1.5271,1.52732,1.25,2.06
2014.09.01 16:59:28.741,1.52707,1.52729,1.71,1.12
2014.09.01 16:59:30.070,1.52707,1.52729,1.56,1.12
2014.09.01 16:59:30.375,1.52713,1.52726,1.00,1.00
2014.09.01 16:59:30.477,1.52706,1.52724,1.12,1.00
2014.09.01 16:59:30.831,1.52703,1.52727,2.06,3.56
2014.09.01 16:59:30.933,1.52701,1.52723,2.59,1.00
2014.09.01 16:59:32.343,1.52701,1.52722,2.59,1.00
2014.09.01 16:59:32.870,1.52704,1.52725,1.01,1.00
2014.09.01 16:59:33.022,1.52708,1.52728,1.31,1.50
2014.09.01 16:59:33.073,1.52708,1.52716,1.00,1.00
2014.09.01 16:59:33.124,1.52704,1.52716,1.07,1.00
2014.09.01 16:59:33.175,1.52704,1.52719,1.00,1.00
2014.09.01 16:59:33.226,1.52698,1.52719,1.50,1.00
2014.09.01 16:59:33.277,1.52698,1.52716,1.00,1.19
2014.09.01 16:59:33.328,1.52693,1.52714,1.74,1.00
2014.09.01 16:59:33.581,1.52691,1.52714,1.66,1.25
2014.09.01 16:59:33.835,1.5269,1.52709,1.74,1.00
2014.09.01 16:59:34.203,1.52689,1.52708,1.09,1.00
2014.09.01 16:59:34.609,1.52687,1.5271,1.31,1.00
2014.09.01 16:59:35.118,1.52686,1.5271,1.76,1.00
2014.09.01 16:59:35.638,1.52686,1.52711,1.84,1.69
2014.09.01 16:59:35.689,1.52686,1.52711,1.76,1.87
2014.09.01 16:59:36.709,1.52685,1.52711,3.34,3.56
2014.09.01 16:59:37.224,1.52685,1.52709,2.59,1.00
2014.09.01 16:59:37.671,1.52686,1.52709,1.46,1.00
2014.09.01 16:59:37.772,1.52686,1.52711,1.09,2.06
2014.09.01 16:59:38.279,1.52686,1.52709,1.09,1.00
2014.09.01 16:59:38.786,1.52686,1.52709,1.09,1.00
