2009.04.23 03:00:13.758,1.6844,1.6853,4.60,1.20
2009.04.23 03:00:25.736,1.6844,1.6853,4.60,1.00
2009.04.23 03:01:03.331,1.68372,1.68482,3.20,2.00
2009.04.23 03:01:03.731,1.68374,1.68469,3.20,4.80
2009.04.23 03:01:03.971,1.68362,1.68472,3.20,4.80
2009.04.23 03:01:04.331,1.68355,1.68475,3.20,4.80
2009.04.23 03:01:06.230,1.68362,1.68472,3.20,4.80
2009.04.23 03:01:12.819,1.68362,1.68482,3.20,4.80
2009.04.23 03:01:12.999,1.68356,1.68491,3.20,2.00
2009.04.23 03:01:13.119,1.68349,1.68494,3.20,2.00
2009.04.23 03:01:17.278,1.68363,1.68473,3.20,12.80
2009.04.23 03:01:17.678,1.6836,1.6846,3.20,4.80
2009.04.23 03:01:21.967,1.68348,1.68463,3.20,4.80
2009.04.23 03:01:24.036,1.68353,1.68463,3.20,4.80
2009.04.23 03:01:24.596,1.68338,1.68488,3.20,2.00
2009.04.23 03:01:24.836,1.68345,1.68495,3.20,4.80
2009.04.23 03:01:25.056,1.68355,1.68495,3.20,4.80
2009.04.23 03:01:25.176,1.68399,1.68459,3.20,6.80
2009.04.23 03:01:26.785,1.68359,1.68499,3.20,4.80
2009.04.23 03:01:27.245,1.68352,1.68507,3.20,2.00
2009.04.23 03:01:27.765,1.68353,1.68508,3.20,4.80
2009.04.23 03:01:28.305,1.68393,1.68463,3.20,4.80
2009.04.23 03:01:28.585,1.68379,1.68469,3.20,4.80
2009.04.23 03:01:28.935,1.68378,1.68478,3.20,4.80
2009.04.23 03:01:29.235,1.68393,1.68483,3.20,2.00
2009.04.23 03:01:30.144,1.68397,1.68481,3.20,2.00
2009.04.23 03:01:31.624,1.68377,1.68477,3.20,2.00
2009.04.23 03:01:32.024,1.68367,1.68472,3.20,4.80
2009.04.23 03:01:32.654,1.68394,1.68454,3.20,4.80
2009.04.23 03:01:35.493,1.68393,1.68468,3.20,4.80
2009.04.23 03:01:35.763,1.68402,1.68462,3.20,2.00
2009.04.23 03:01:36.113,1.68382,1.68462,3.20,4.80
2009.04.23 03:01:36.163,1.68373,1.68448,3.20,4.80
2009.04.23 03:01:36.833,1.6838,1.68435,3.20,4.80
2009.04.23 03:01:37.983,1.68372,1.68452,3.20,2.00
2009.04.23 03:01:38.203,1.68383,1.68453,3.20,2.00
2009.04.23 03:01:38.373,1.68369,1.68469,3.20,4.80
2009.04.23 03:01:38.652,1.684,1.6844,3.20,4.80
2009.04.23 03:01:38.892,1.68405,1.6844,3.20,2.00
2009.04.23 03:01:51.939,1.68406,1.68451,3.20,4.80
2009.04.23 03:01:53.358,1.68408,1.68458,3.20,2.00
2009.04.23 03:02:08.241,1.6844,1.6853,4.60,1.20
2009.04.23 03:02:08.761,1.6844,1.6853,6.20,1.20
2009.04.23 03:02:52.710,1.6845,1.6853,3.20,1.20
2009.04.23 03:02:52.820,1.6844,1.68535,4.60,2.00
2009.04.23 03:02:58.419,1.6845,1.68535,3.20,2.00
2009.04.23 03:02:58.649,1.6845,1.6853,3.20,1.20
2009.04.23 03:03:10.975,1.68455,1.6853,3.20,1.20
2009.04.23 03:03:11.375,1.68455,1.6854,3.20,1.20
2009.04.23 03:03:12.535,1.6846,1.68535,1.20,1.20
2009.04.23 03:03:18.504,1.68455,1.68525,1.20,1.20
2009.04.23 03:03:37.259,1.6845,1.68525,4.60,1.20
2009.04.23 03:03:37.489,1.6846,1.6853,1.20,1.20
2009.04.23 03:03:52.535,1.6846,1.6853,1.20,1.20
2009.04.23 03:03:52.825,1.6846,1.6853,1.20,1.20
2009.04.23 03:03:53.355,1.68455,1.68535,4.60,1.20
2009.04.23 03:03:53.585,1.68455,1.68535,4.60,1.20
2009.04.23 03:04:00.733,1.68455,1.6853,4.60,1.00
2009.04.23 03:04:56.100,1.6847,1.6853,1.20,1.00
2009.04.23 03:04:56.630,1.6847,1.68535,1.20,1.20
2009.04.23 03:04:56.740,1.6847,1.68535,1.20,1.00
2009.04.23 03:04:58.370,1.6845,1.6852,1.20,1.20
2009.04.23 03:04:58.430,1.6846,1.6852,3.20,1.20
2009.04.23 03:04:58.610,1.6845,1.6852,3.20,1.20
2009.04.23 03:04:58.950,1.68465,1.68545,1.20,1.00
2009.04.23 03:04:59.529,1.68465,1.68545,1.20,1.20
2009.04.23 03:05:00.089,1.68455,1.6853,1.20,1.00
2009.04.23 03:05:02.039,1.6846,1.6853,1.20,1.00
2009.04.23 03:05:14.196,1.68455,1.6853,1.20,1.00
2009.04.23 03:05:16.975,1.68455,1.6853,1.20,1.20
2009.04.23 03:05:30.952,1.68455,1.6853,1.20,1.00
2009.04.23 03:05:31.121,1.68455,1.6853,3.20,1.00
2009.04.23 03:05:34.261,1.68465,1.6853,1.20,1.00
2009.04.23 03:05:38.100,1.68455,1.6853,4.60,1.20
2009.04.23 03:05:38.210,1.6846,1.6853,1.20,1.20
2009.04.23 03:05:38.610,1.68465,1.6853,1.20,1.00
2009.04.23 03:05:46.268,1.68455,1.6853,1.20,1.00
2009.04.23 03:05:46.388,1.68455,1.6853,1.20,1.20
2009.04.23 03:05:57.035,1.68455,1.6853,3.20,1.00
2009.04.23 03:05:57.515,1.68455,1.68535,3.20,1.00
2009.04.23 03:06:03.304,1.68455,1.6853,4.60,1.20
2009.04.23 03:06:13.681,1.68465,1.68535,1.20,1.00
2009.04.23 03:06:13.851,1.6846,1.68535,4.60,1.00
2009.04.23 03:06:23.739,1.68465,1.68535,1.20,1.00
2009.04.23 03:06:23.969,1.68455,1.6853,4.60,1.20
2009.04.23 03:06:25.879,1.68455,1.6853,4.60,1.00
2009.04.23 03:06:26.048,1.6846,1.6853,1.20,1.00
2009.04.23 03:06:26.218,1.68455,1.68525,1.20,1.20
2009.04.23 03:06:29.838,1.68455,1.6853,1.20,1.00
2009.04.23 03:06:34.296,1.6845,1.6852,1.20,1.20
2009.04.23 03:06:35.496,1.6845,1.6852,1.20,1.00
2009.04.23 03:06:35.656,1.6845,1.6852,1.20,1.20
2009.04.23 03:06:43.344,1.6845,1.6851,1.20,1.60
2009.04.23 03:06:43.454,1.68435,1.68505,1.20,1.20
2009.04.23 03:06:43.784,1.6844,1.6852,4.60,1.60
2009.04.23 03:06:43.964,1.6844,1.6852,4.60,1.20
2009.04.23 03:06:44.244,1.68445,1.6852,1.20,1.20
2009.04.23 03:06:44.424,1.68435,1.6851,4.60,1.20
2009.04.23 03:06:57.841,1.68435,1.685,3.20,1.20
2009.04.23 03:06:58.061,1.6843,1.685,4.60,1.20
2009.04.23 03:07:18.875,1.68425,1.685,4.60,1.20
2009.04.23 03:07:35.332,1.6843,1.685,3.20,1.20
2009.04.23 03:07:35.502,1.6843,1.68505,4.60,1.20
2009.04.23 03:08:26.789,1.68435,1.68505,3.20,1.20
2009.04.23 03:08:27.139,1.68435,1.6851,4.60,1.20
2009.04.23 03:08:31.408,1.6845,1.6852,1.20,1.20
2009.04.23 03:08:41.975,1.6845,1.6852,1.60,1.20
2009.04.23 03:08:42.135,1.6845,1.6853,2.40,1.20
2009.04.23 03:08:42.435,1.68455,1.6853,1.60,1.20
2009.04.23 03:08:44.005,1.6846,1.6853,1.60,1.20
2009.04.23 03:08:44.065,1.6845,1.6853,3.00,1.20
2009.04.23 03:08:47.284,1.6845,1.68545,3.00,1.60
2009.04.23 03:08:47.394,1.6845,1.68545,6.40,1.60
2009.04.23 03:08:47.734,1.6846,1.68555,1.60,1.60
2009.04.23 03:08:47.954,1.6846,1.6856,1.60,1.00
2009.04.23 03:09:18.866,1.68455,1.6856,3.00,1.00
2009.04.23 03:09:19.486,1.68455,1.6854,3.00,1.20
2009.04.23 03:09:32.653,1.68455,1.68525,3.00,1.20
2009.04.23 03:09:38.412,1.68455,1.6853,3.00,1.20
2009.04.23 03:09:38.812,1.68455,1.6854,6.40,1.20
2009.04.23 03:09:52.068,1.68455,1.6853,3.00,1.20
2009.04.23 03:10:02.266,1.68455,1.68535,3.00,1.20
2009.04.23 03:10:07.275,1.68455,1.6854,3.00,1.20
2009.04.23 03:10:08.374,1.68455,1.68535,3.00,1.20
2009.04.23 03:10:08.645,1.68455,1.68545,4.40,1.20
2009.04.23 03:10:08.875,1.6846,1.68545,3.00,1.20
2009.04.23 03:10:10.314,1.6846,1.68545,4.40,1.20
2009.04.23 03:10:10.544,1.6846,1.68545,3.00,1.20
2009.04.23 03:10:41.437,1.68465,1.68545,3.00,1.20
2009.04.23 03:10:42.166,1.68465,1.68545,3.20,1.20
2009.04.23 03:10:42.396,1.68465,1.68545,4.60,1.20
2009.04.23 03:10:42.866,1.68465,1.68545,7.60,1.20
2009.04.23 03:10:58.602,1.68465,1.68545,4.40,1.20
2009.04.23 03:10:59.752,1.68475,1.68545,1.20,1.20
2009.04.23 03:11:02.002,1.6847,1.68545,4.60,1.20
2009.04.23 03:11:02.272,1.6848,1.68545,1.20,1.20
2009.04.23 03:11:06.970,1.6848,1.6854,1.20,1.20
2009.04.23 03:11:07.540,1.68475,1.6854,1.20,1.20
2009.04.23 03:11:10.630,1.68475,1.68545,1.20,2.00
2009.04.23 03:11:11.010,1.6847,1.6853,1.20,1.20
2009.04.23 03:11:12.179,1.6847,1.68525,1.20,1.20
2009.04.23 03:11:12.569,1.68465,1.68525,1.20,1.20
2009.04.23 03:11:18.787,1.6846,1.68525,1.20,1.20
2009.04.23 03:11:30.225,1.68465,1.68525,1.20,1.20
2009.04.23 03:11:48.560,1.68465,1.6852,1.20,1.20
2009.04.23 03:12:02.917,1.6846,1.6852,1.20,1.20
2009.04.23 03:12:11.774,1.6846,1.68525,1.20,1.20
2009.04.23 03:12:11.945,1.6846,1.6852,1.20,1.20
2009.04.23 03:12:23.422,1.6845,1.6852,1.20,1.20
2009.04.23 03:12:34.949,1.68455,1.6852,1.20,1.20
2009.04.23 03:13:02.102,1.68455,1.68515,1.20,1.60
2009.04.23 03:13:02.272,1.68445,1.685,1.20,1.20
2009.04.23 03:13:22.587,1.6846,1.6852,1.20,1.00
2009.04.23 03:13:22.827,1.6846,1.6853,1.20,2.60
2009.04.23 03:13:23.287,1.6846,1.68525,1.20,1.20
2009.04.23 03:13:26.766,1.68455,1.68525,1.20,1.20
2009.04.23 03:13:27.057,1.68455,1.6852,1.20,1.20
2009.04.23 03:13:28.636,1.68455,1.6852,1.20,1.00
2009.04.23 03:13:28.996,1.68445,1.685,3.20,1.20
2009.04.23 03:13:29.286,1.68445,1.6851,4.60,1.20
2009.04.23 03:13:30.286,1.68445,1.685,4.60,1.20
2009.04.23 03:13:30.565,1.68445,1.685,3.20,1.20
2009.04.23 03:13:31.255,1.6846,1.68515,1.20,1.60
2009.04.23 03:13:31.425,1.68455,1.68525,4.60,1.20
2009.04.23 03:13:33.835,1.6846,1.68525,1.20,1.20
2009.04.23 03:13:37.134,1.6845,1.68515,1.20,1.20
2009.04.23 03:13:39.223,1.68445,1.6851,1.20,1.20
2009.04.23 03:13:45.792,1.684,1.68505,4.60,1.00
2009.04.23 03:13:45.962,1.684,1.68485,1.60,1.20
2009.04.23 03:13:46.541,1.68395,1.68485,1.60,1.20
2009.04.23 03:13:47.341,1.684,1.68485,3.00,1.20
2009.04.23 03:13:48.031,1.684,1.6847,3.00,1.20
2009.04.23 03:13:48.151,1.684,1.6847,1.20,1.20
2009.04.23 03:13:49.141,1.68395,1.68465,1.20,1.20
2009.04.23 03:14:09.816,1.684,1.68475,1.20,1.20
2009.04.23 03:14:11.096,1.68385,1.68485,8.80,1.00
2009.04.23 03:14:11.745,1.6839,1.68485,2.40,1.00
2009.04.23 03:14:17.284,1.6839,1.68485,3.20,1.00
2009.04.23 03:14:20.403,1.6839,1.68485,6.40,1.00
2009.04.23 03:14:35.180,1.6839,1.68485,9.60,1.20
2009.04.23 03:14:37.499,1.68395,1.68485,3.20,1.20
2009.04.23 03:14:37.559,1.684,1.6849,1.60,1.00
2009.04.23 03:14:37.669,1.684,1.68495,1.60,1.00
2009.04.23 03:15:03.273,1.68405,1.685,1.60,1.00
2009.04.23 03:16:10.227,1.684,1.685,3.00,1.00
2009.04.23 03:16:13.146,1.684,1.685,6.40,1.00
2009.04.23 03:16:13.666,1.68405,1.685,1.60,1.00
2009.04.23 03:16:24.883,1.68405,1.68505,8.00,1.00
2009.04.23 03:16:25.053,1.6841,1.68505,1.60,1.00
2009.04.23 03:16:29.352,1.68405,1.68505,6.20,1.00
2009.04.23 03:16:29.762,1.68405,1.68505,4.60,1.00
2009.04.23 03:16:38.300,1.68405,1.68505,3.00,1.00
2009.04.23 03:16:38.580,1.6841,1.68505,3.20,1.00
2009.04.23 03:16:38.810,1.6841,1.68505,1.60,1.00
2009.04.23 03:16:45.488,1.6841,1.68505,4.80,1.00
2009.04.23 03:16:45.898,1.68415,1.68505,1.60,1.00
2009.04.23 03:16:46.428,1.6841,1.68505,1.60,1.00
2009.04.23 03:16:51.707,1.6841,1.6851,4.60,1.00
2009.04.23 03:17:10.922,1.6841,1.6851,3.00,1.00
2009.04.23 03:17:11.032,1.6841,1.685,3.00,1.20
2009.04.23 03:17:16.931,1.684,1.6849,1.60,1.20
2009.04.23 03:17:16.991,1.68395,1.6849,8.00,1.20
2009.04.23 03:17:18.600,1.68395,1.6849,6.40,1.20
2009.04.23 03:17:30.967,1.68405,1.6849,3.20,1.20
2009.04.23 03:17:33.097,1.68405,1.6849,4.60,1.20
2009.04.23 03:17:55.141,1.68425,1.6849,1.20,1.20
2009.04.23 03:17:55.481,1.6842,1.6849,4.60,1.20
2009.04.23 03:17:55.591,1.68425,1.68485,1.20,1.20
2009.04.23 03:17:55.921,1.68415,1.68485,1.20,1.20
2009.04.23 03:17:59.441,1.68405,1.68485,4.60,1.20
2009.04.23 03:18:47.079,1.68415,1.68485,3.20,1.20
2009.04.23 03:18:47.528,1.68415,1.68485,1.20,1.20
2009.04.23 03:18:51.748,1.68415,1.68485,3.20,1.20
2009.04.23 03:18:54.158,1.68415,1.68485,1.20,1.20
2009.04.23 03:18:54.757,1.6842,1.68505,1.20,1.20
2009.04.23 03:19:09.923,1.68415,1.68505,4.60,1.20
2009.04.23 03:19:11.733,1.68415,1.68495,4.60,1.20
2009.04.23 03:19:12.253,1.68415,1.68505,4.60,1.20
2009.04.23 03:19:17.442,1.68415,1.6849,4.60,1.00
2009.04.23 03:19:18.181,1.6842,1.6849,1.20,1.00
2009.04.23 03:19:34.927,1.6842,1.68495,1.20,1.00
2009.04.23 03:20:16.017,1.68415,1.68495,1.20,1.00
2009.04.23 03:20:16.807,1.68415,1.6849,1.20,1.00
2009.04.23 03:20:25.155,1.6842,1.6849,1.60,1.00
2009.04.23 03:20:25.445,1.6843,1.68505,3.20,1.00
2009.04.23 03:20:25.845,1.6843,1.68505,3.20,1.00
2009.04.23 03:20:29.754,1.6843,1.68505,1.20,1.00
2009.04.23 03:20:29.864,1.6843,1.6849,1.20,1.00
2009.04.23 03:20:30.154,1.68415,1.6849,1.20,1.00
2009.04.23 03:20:48.140,1.68395,1.6849,6.20,1.00
2009.04.23 03:20:48.439,1.68395,1.685,7.60,1.00
2009.04.23 03:20:49.529,1.684,1.68505,3.00,1.00
2009.04.23 03:20:59.507,1.684,1.68505,4.40,1.00
2009.04.23 03:20:59.747,1.68405,1.68505,3.20,1.00
2009.04.23 03:21:03.385,1.684,1.68505,4.40,1.00
2009.04.23 03:21:03.496,1.684,1.68505,3.00,1.00
2009.04.23 03:21:16.852,1.68405,1.68505,3.20,1.00
2009.04.23 03:21:17.072,1.68405,1.68505,4.60,1.00
2009.04.23 03:21:28.250,1.6841,1.68505,1.60,1.00
2009.04.23 03:21:28.599,1.68415,1.68505,3.20,1.00
2009.04.23 03:21:32.618,1.68415,1.68505,1.20,1.00
2009.04.23 03:21:35.938,1.6842,1.68505,1.60,1.00
2009.04.23 03:21:36.278,1.6843,1.68505,3.20,1.00
2009.04.23 03:21:36.508,1.6843,1.68505,3.20,1.00
2009.04.23 03:21:43.676,1.6843,1.68505,3.20,1.00
2009.04.23 03:21:43.906,1.6843,1.6852,3.20,1.00
2009.04.23 03:21:44.486,1.6843,1.68525,3.20,10.60
2009.04.23 03:21:44.596,1.6843,1.68525,3.20,9.00
2009.04.23 03:21:44.776,1.6843,1.6853,3.20,3.60
2009.04.23 03:21:52.884,1.6843,1.6853,3.20,2.00
2009.04.23 03:21:53.293,1.6843,1.68525,3.20,9.00
2009.04.23 03:21:53.534,1.6843,1.68505,3.20,1.00
2009.04.23 03:21:58.002,1.68435,1.6851,4.60,1.80
2009.04.23 03:21:58.402,1.68435,1.6851,4.60,1.00
2009.04.23 03:21:59.162,1.68435,1.6851,4.60,1.20
2009.04.23 03:21:59.692,1.68425,1.685,4.60,1.20
2009.04.23 03:21:59.872,1.68435,1.685,3.20,1.20
2009.04.23 03:22:00.152,1.68435,1.6851,4.60,1.20
2009.04.23 03:22:00.612,1.6844,1.685,1.20,1.00
2009.04.23 03:22:01.082,1.684,1.68485,1.60,1.00
2009.04.23 03:22:01.552,1.68375,1.6848,1.60,2.00
2009.04.23 03:22:01.781,1.6837,1.68465,1.60,1.00
2009.04.23 03:22:02.622,1.68375,1.68465,1.60,1.00
2009.04.23 03:22:02.801,1.6837,1.6846,4.80,1.20
2009.04.23 03:22:03.081,1.6837,1.68465,4.80,1.00
2009.04.23 03:22:03.521,1.68375,1.68465,3.20,1.00
2009.04.23 03:22:03.701,1.68375,1.68465,4.80,1.00
2009.04.23 03:22:04.801,1.68375,1.68475,4.80,1.00
2009.04.23 03:22:08.080,1.6838,1.6848,4.80,1.00
2009.04.23 03:22:16.358,1.68395,1.685,3.20,1.00
2009.04.23 03:22:20.297,1.6839,1.685,3.20,1.00
2009.04.23 03:22:20.457,1.6839,1.68495,1.60,1.00
2009.04.23 03:22:20.977,1.68385,1.68495,4.80,1.00
2009.04.23 03:22:41.941,1.68395,1.68495,3.20,1.00
2009.04.23 03:23:01.807,1.68395,1.68495,4.60,1.00
2009.04.23 03:23:03.416,1.68395,1.685,4.60,1.00
2009.04.23 03:23:11.364,1.684,1.685,3.00,1.00
2009.04.23 03:23:11.484,1.68405,1.685,1.60,1.00
2009.04.23 03:23:11.605,1.6842,1.685,3.20,1.00
2009.04.23 03:23:11.725,1.68415,1.685,1.00,1.00
2009.04.23 03:23:12.114,1.684,1.685,3.00,1.00
2009.04.23 03:23:45.266,1.68385,1.6851,2.80,1.20
2009.04.23 03:24:18.378,1.6839,1.6851,1.20,1.20
2009.04.23 03:24:55.129,1.68405,1.6851,1.60,1.20
2009.04.23 03:24:55.249,1.6841,1.68515,4.00,2.60
2009.04.23 03:24:55.479,1.6841,1.68515,4.00,1.20
2009.04.23 03:25:00.478,1.6841,1.68505,3.20,1.20
2009.04.23 03:25:03.827,1.6841,1.68515,4.00,1.20
2009.04.23 03:25:06.297,1.68405,1.68515,1.20,1.20
2009.04.23 03:25:43.118,1.6839,1.68525,4.80,1.00
2009.04.23 03:25:43.707,1.6839,1.68525,4.80,1.60
2009.04.23 03:25:44.058,1.684,1.6852,1.20,1.00
2009.04.23 03:25:45.117,1.684,1.6852,1.20,1.60
2009.04.23 03:25:48.306,1.684,1.68515,1.20,1.00
2009.04.23 03:25:48.416,1.6839,1.68505,2.80,1.20
2009.04.23 03:25:49.716,1.6839,1.6848,2.80,1.20
2009.04.23 03:26:06.052,1.6839,1.6847,1.60,1.20
2009.04.23 03:26:06.412,1.6838,1.6847,1.60,1.20
2009.04.23 03:26:06.572,1.68375,1.6847,3.20,1.20
2009.04.23 03:26:15.680,1.68395,1.6847,1.60,1.20
2009.04.23 03:26:15.860,1.68395,1.68465,1.60,1.20
2009.04.23 03:26:16.270,1.68395,1.6851,1.60,3.60
2009.04.23 03:26:16.500,1.68405,1.6851,1.60,3.60
2009.04.23 03:26:16.910,1.68405,1.68475,1.60,1.20
2009.04.23 03:26:17.260,1.68395,1.6851,1.60,2.00
2009.04.23 03:26:17.549,1.68405,1.6851,1.60,2.00
2009.04.23 03:26:17.939,1.684,1.6848,1.60,1.20
2009.04.23 03:26:18.539,1.6838,1.68505,1.60,1.00
2009.04.23 03:26:18.939,1.68375,1.68475,6.20,1.20
2009.04.23 03:26:23.468,1.68385,1.68465,3.20,1.20
2009.04.23 03:26:24.038,1.68395,1.68465,1.20,1.20
2009.04.23 03:26:33.615,1.6838,1.68465,1.60,1.20
2009.04.23 03:26:33.945,1.6838,1.68465,2.80,1.20
2009.04.23 03:26:34.285,1.6838,1.68465,1.60,1.20
2009.04.23 03:26:36.225,1.6839,1.68465,1.60,1.20
2009.04.23 03:26:36.455,1.6839,1.68505,2.40,2.80
2009.04.23 03:26:36.575,1.68395,1.6851,1.60,2.00
2009.04.23 03:26:38.124,1.68385,1.6848,1.60,1.20
2009.04.23 03:26:38.534,1.6838,1.68475,2.80,1.20
2009.04.23 03:26:41.654,1.6838,1.68505,2.80,1.60
2009.04.23 03:26:41.824,1.6838,1.6851,2.80,1.00
2009.04.23 03:26:47.722,1.6838,1.68515,1.60,1.60
2009.04.23 03:26:47.892,1.6838,1.6852,9.40,1.60
2009.04.23 03:26:48.532,1.6838,1.6852,12.40,1.60
2009.04.23 03:26:48.772,1.68395,1.6852,3.00,1.60
2009.04.23 03:26:48.822,1.68395,1.6852,7.80,1.60
2009.04.23 03:26:49.222,1.6838,1.6852,9.40,1.60
2009.04.23 03:26:49.442,1.68385,1.68535,4.60,1.00
2009.04.23 03:26:49.971,1.684,1.68535,7.80,1.00
2009.04.23 03:26:50.601,1.6839,1.6854,10.80,1.00
2009.04.23 03:26:50.781,1.6839,1.6854,7.80,1.00
2009.04.23 03:26:50.831,1.6839,1.6854,3.00,1.00
2009.04.23 03:26:53.331,1.6839,1.6854,4.60,1.60
2009.04.23 03:26:54.200,1.6839,1.68535,4.60,1.60
2009.04.23 03:26:55.460,1.6839,1.68535,6.20,1.60
2009.04.23 03:26:55.690,1.6841,1.68535,1.60,1.60
2009.04.23 03:26:55.860,1.68415,1.68535,1.60,1.60
2009.04.23 03:26:56.500,1.684,1.68535,1.60,1.60
2009.04.23 03:27:17.545,1.6841,1.6854,1.60,1.60
2009.04.23 03:27:19.204,1.6841,1.68535,1.60,1.60
2009.04.23 03:27:23.943,1.68415,1.68535,1.60,1.60
2009.04.23 03:27:24.003,1.68415,1.6854,1.60,1.60
2009.04.23 03:27:29.382,1.68415,1.6853,1.60,1.00
2009.04.23 03:27:31.482,1.68415,1.6851,1.60,1.20
2009.04.23 03:27:41.479,1.6842,1.6851,1.60,1.20
2009.04.23 03:27:51.067,1.6842,1.6855,1.60,1.60
2009.04.23 03:27:54.176,1.6842,1.68515,1.60,1.00
2009.04.23 03:27:54.526,1.6841,1.68485,3.20,1.00
2009.04.23 03:27:55.046,1.6842,1.6851,1.60,4.80
2009.04.23 03:27:55.286,1.68405,1.68525,1.60,2.00
2009.04.23 03:27:56.935,1.68405,1.68515,4.80,2.00
2009.04.23 03:27:57.155,1.68405,1.68495,4.80,1.20
2009.04.23 03:28:00.944,1.68415,1.68495,3.20,1.20
2009.04.23 03:28:01.124,1.68415,1.685,3.20,1.20
2009.04.23 03:28:04.823,1.6842,1.685,3.20,1.20
2009.04.23 03:28:05.063,1.68405,1.6851,11.00,1.00
2009.04.23 03:28:05.353,1.6842,1.6851,3.20,1.00
2009.04.23 03:28:06.113,1.6842,1.6851,3.20,1.20
2009.04.23 03:28:08.842,1.6843,1.6851,3.20,1.20
2009.04.23 03:28:09.132,1.6843,1.68515,3.20,1.20
2009.04.23 03:28:10.512,1.6843,1.68515,3.20,1.20
2009.04.23 03:28:11.672,1.6843,1.6853,3.20,2.80
2009.04.23 03:28:11.792,1.6843,1.6853,3.20,2.60
2009.04.23 03:28:12.091,1.6843,1.68525,3.20,1.20
2009.04.23 03:28:15.401,1.68435,1.68525,3.20,1.20
2009.04.23 03:28:36.935,1.6845,1.68555,3.00,1.00
2009.04.23 03:28:37.985,1.6845,1.68555,6.40,1.00
2009.04.23 03:28:38.265,1.6847,1.6857,3.20,1.00
2009.04.23 03:28:38.605,1.6847,1.6857,3.20,1.00
2009.04.23 03:29:05.369,1.6848,1.6855,1.20,1.20
2009.04.23 03:29:09.198,1.68475,1.6855,4.60,1.20
2009.04.23 03:29:09.377,1.68475,1.6856,4.60,1.00
2009.04.23 03:29:09.787,1.6847,1.6855,4.60,1.20
2009.04.23 03:29:31.402,1.6848,1.68555,1.20,1.20
2009.04.23 03:29:33.992,1.68485,1.68555,1.20,1.20
2009.04.23 03:29:35.701,1.6847,1.68545,4.60,1.20
2009.04.23 03:29:36.291,1.6847,1.6855,4.60,1.20
2009.04.23 03:29:40.180,1.6848,1.6855,1.20,1.20
2009.04.23 03:29:43.439,1.6847,1.68545,4.60,1.20
2009.04.23 03:29:59.695,1.6847,1.6855,4.60,1.20
2009.04.23 03:30:14.022,1.6848,1.6855,1.20,1.20
2009.04.23 03:30:22.360,1.68475,1.6855,3.60,1.20
2009.04.23 03:30:22.820,1.6849,1.6856,1.00,1.00
2009.04.23 03:30:23.330,1.6847,1.68575,2.40,1.20
2009.04.23 03:30:27.199,1.6848,1.68575,5.60,1.20
2009.04.23 03:30:27.479,1.6848,1.68575,2.40,1.20
2009.04.23 03:30:27.709,1.68475,1.68575,3.00,1.20
2009.04.23 03:30:31.638,1.6847,1.6857,4.60,1.00
2009.04.23 03:30:31.798,1.6846,1.6856,4.80,1.20
2009.04.23 03:30:31.918,1.6846,1.6856,2.80,1.20
2009.04.23 03:30:32.208,1.68455,1.6856,10.80,1.20
2009.04.23 03:30:32.497,1.68455,1.6856,9.20,1.20
2009.04.23 03:30:36.217,1.6847,1.6856,3.20,1.20
2009.04.23 03:30:36.327,1.6847,1.6857,4.00,2.60
2009.04.23 03:30:36.736,1.6847,1.6857,4.00,2.20
2009.04.23 03:30:38.526,1.6847,1.6857,4.00,2.60
2009.04.23 03:30:39.556,1.6847,1.6857,4.00,2.20
2009.04.23 03:30:41.385,1.6847,1.6857,4.00,2.60
2009.04.23 03:30:44.836,1.6847,1.6857,4.00,3.60
2009.04.23 03:30:45.184,1.6847,1.6857,4.00,2.60
2009.04.23 03:31:36.712,1.6847,1.6856,4.00,1.00
2009.04.23 03:31:36.872,1.68465,1.68545,3.20,1.20
2009.04.23 03:31:49.149,1.68465,1.6854,3.20,1.20
2009.04.23 03:31:49.199,1.6846,1.6854,3.20,1.20
2009.04.23 03:31:57.117,1.68455,1.6854,3.00,1.20
2009.04.23 03:31:57.587,1.68455,1.6852,1.00,1.00
2009.04.23 03:31:57.867,1.6842,1.68505,2.80,1.00
2009.04.23 03:31:58.167,1.68415,1.685,4.60,1.00
2009.04.23 03:31:58.747,1.68415,1.68505,4.60,1.00
2009.04.23 03:31:59.436,1.68425,1.68495,4.60,1.00
2009.04.23 03:32:01.046,1.6841,1.68495,1.60,1.00
2009.04.23 03:32:01.576,1.6839,1.68495,4.60,1.00
2009.04.23 03:32:01.876,1.6839,1.68495,3.00,1.00
2009.04.23 03:32:02.106,1.684,1.68495,1.60,1.00
2009.04.23 03:32:02.286,1.6839,1.68495,3.00,1.00
2009.04.23 03:32:04.415,1.6838,1.68485,3.00,1.00
2009.04.23 03:32:05.875,1.68375,1.6848,3.00,1.00
2009.04.23 03:32:06.545,1.68385,1.68485,3.00,1.00
2009.04.23 03:32:07.065,1.6838,1.6848,3.00,1.00
2009.04.23 03:32:07.584,1.6838,1.6847,3.00,1.20
2009.04.23 03:32:16.182,1.6835,1.6844,6.00,1.20
2009.04.23 03:32:17.322,1.6835,1.68435,4.60,1.20
2009.04.23 03:32:17.842,1.6835,1.68435,3.00,1.20
2009.04.23 03:32:18.852,1.6835,1.68435,8.00,1.20
2009.04.23 03:32:18.971,1.6836,1.6845,1.00,2.80
2009.04.23 03:32:19.091,1.6836,1.6845,2.40,2.80
2009.04.23 03:32:19.611,1.6836,1.68455,3.20,2.80
2009.04.23 03:32:20.011,1.6836,1.68455,3.20,1.80
2009.04.23 03:32:20.131,1.6836,1.6845,8.80,1.00
2009.04.23 03:32:20.241,1.68365,1.6846,3.20,1.60
2009.04.23 03:32:20.421,1.68365,1.6846,4.80,1.60
2009.04.23 03:32:20.711,1.6838,1.6846,3.20,1.60
2009.04.23 03:32:20.891,1.68385,1.6848,5.60,1.60
2009.04.23 03:32:21.061,1.6839,1.6848,3.00,1.60
2009.04.23 03:32:21.291,1.6839,1.6849,3.00,1.60
2009.04.23 03:32:21.531,1.684,1.6849,1.60,1.00
2009.04.23 03:32:24.600,1.684,1.68485,1.60,1.00
2009.04.23 03:32:24.650,1.6839,1.68485,3.00,1.00
2009.04.23 03:32:24.710,1.6839,1.6847,3.00,1.20
2009.04.23 03:32:25.030,1.68385,1.6847,3.00,1.20
2009.04.23 03:32:29.899,1.6838,1.6847,2.80,1.00
2009.04.23 03:32:30.359,1.6838,1.6847,1.20,1.00
2009.04.23 03:32:32.218,1.6838,1.6847,1.20,1.20
2009.04.23 03:32:32.678,1.68365,1.6846,1.60,1.20
2009.04.23 03:32:34.348,1.68365,1.68455,1.60,1.20
2009.04.23 03:32:36.307,1.6841,1.68455,1.60,1.20
2009.04.23 03:32:36.768,1.684,1.68475,1.60,1.60
2009.04.23 03:32:36.937,1.6838,1.68495,1.60,1.60
2009.04.23 03:32:37.347,1.6839,1.68535,1.60,1.60
2009.04.23 03:32:37.797,1.68385,1.6852,4.80,4.80
2009.04.23 03:32:38.077,1.68385,1.6852,3.20,4.80
2009.04.23 03:32:38.307,1.68395,1.6852,3.20,4.80
2009.04.23 03:32:38.837,1.68395,1.68515,3.20,4.80
2009.04.23 03:32:38.897,1.68385,1.68515,3.20,4.80
2009.04.23 03:32:39.767,1.6839,1.6853,1.60,7.40
2009.04.23 03:32:39.887,1.6839,1.68525,1.60,1.60
2009.04.23 03:32:40.466,1.6839,1.6853,4.80,7.40
2009.04.23 03:32:40.757,1.6839,1.6853,4.80,6.40
2009.04.23 03:32:41.046,1.684,1.6853,1.60,1.60
2009.04.23 03:32:42.096,1.68405,1.6853,1.60,1.60
2009.04.23 03:32:42.326,1.6841,1.6851,5.60,1.20
2009.04.23 03:32:43.186,1.68415,1.6851,3.20,1.20
2009.04.23 03:32:43.466,1.68415,1.6852,5.60,1.20
2009.04.23 03:32:46.385,1.68435,1.68535,1.60,1.60
2009.04.23 03:32:46.905,1.68435,1.6854,1.60,1.00
2009.04.23 03:32:49.434,1.68435,1.6855,1.60,1.00
2009.04.23 03:32:49.484,1.6844,1.6855,1.60,1.00
2009.04.23 03:32:50.254,1.68435,1.6855,4.80,1.00
2009.04.23 03:32:51.934,1.6844,1.6855,1.60,1.00
2009.04.23 03:32:53.243,1.68435,1.6855,1.60,1.00
2009.04.23 03:33:00.851,1.68445,1.6855,3.20,1.00
2009.04.23 03:33:00.971,1.68445,1.68555,3.20,1.60
2009.04.23 03:33:01.211,1.68445,1.68555,4.80,1.60
2009.04.23 03:33:01.321,1.68445,1.68555,4.80,1.00
2009.04.23 03:33:14.698,1.68445,1.68555,6.40,1.00
2009.04.23 03:33:14.868,1.68455,1.68555,1.00,1.00
2009.04.23 03:33:21.236,1.68455,1.68555,1.00,1.20
2009.04.23 03:33:24.396,1.68455,1.68555,1.00,2.60
2009.04.23 03:33:38.432,1.6845,1.68555,3.80,1.60
2009.04.23 03:33:39.202,1.68455,1.68545,1.00,1.00
2009.04.23 03:33:54.868,1.68445,1.68545,9.60,1.00
2009.04.23 03:33:55.268,1.68445,1.68545,8.00,1.00
2009.04.23 03:34:03.796,1.68445,1.6856,4.80,1.60
2009.04.23 03:34:04.206,1.68445,1.6856,3.20,1.60
2009.04.23 03:34:04.326,1.68445,1.68555,3.20,1.60
2009.04.23 03:34:08.715,1.68445,1.68555,4.80,1.60
2009.04.23 03:34:09.475,1.68445,1.6856,4.80,1.60
2009.04.23 03:34:31.320,1.68445,1.68555,4.80,1.60
2009.04.23 03:34:31.439,1.68445,1.68555,3.20,1.60
2009.04.23 03:34:39.337,1.6844,1.68555,1.60,1.60
2009.04.23 03:34:39.717,1.68435,1.6855,1.60,1.60
2009.04.23 03:34:41.627,1.68435,1.68545,1.60,1.60
2009.04.23 03:34:52.914,1.68445,1.68555,1.60,1.00
2009.04.23 03:34:58.133,1.6844,1.68555,1.60,1.00
2009.04.23 03:35:11.830,1.68435,1.68555,1.60,1.00
2009.04.23 03:35:12.119,1.6844,1.68555,1.60,1.00
2009.04.23 03:35:13.449,1.6844,1.6856,1.60,1.00
2009.04.23 03:35:17.939,1.68435,1.6856,1.60,1.00
2009.04.23 03:35:19.028,1.68435,1.6856,1.60,1.60
2009.04.23 03:35:19.298,1.68435,1.6856,1.60,1.60
2009.04.23 03:35:20.398,1.68435,1.68555,1.60,1.60
2009.04.23 03:35:22.567,1.68435,1.6856,1.60,1.60
2009.04.23 03:35:24.487,1.68435,1.68555,1.60,1.60
2009.04.23 03:35:38.743,1.6844,1.68555,1.60,1.60
2009.04.23 03:35:50.220,1.6845,1.68555,1.60,1.60
2009.04.23 03:36:02.397,1.68445,1.68555,1.60,1.60
2009.04.23 03:36:06.766,1.6841,1.6853,1.60,1.20
2009.04.23 03:36:07.296,1.6841,1.6856,4.60,8.00
2009.04.23 03:36:07.406,1.6843,1.6856,1.60,8.00
2009.04.23 03:36:07.516,1.6843,1.68565,1.60,1.60
2009.04.23 03:36:07.976,1.6844,1.68555,1.60,1.60
2009.04.23 03:36:08.206,1.68445,1.68555,1.60,1.60
2009.04.23 03:36:10.525,1.68445,1.6855,4.60,1.00
2009.04.23 03:36:10.635,1.68445,1.68555,1.60,1.60
2009.04.23 03:36:20.863,1.68445,1.6853,1.60,1.20
2009.04.23 03:36:21.203,1.6841,1.6853,1.60,1.20
2009.04.23 03:36:21.323,1.6841,1.6855,1.60,1.00
2009.04.23 03:36:21.433,1.6841,1.68565,8.00,2.20
2009.04.23 03:36:21.553,1.6841,1.68565,8.00,1.60
2009.04.23 03:36:21.842,1.6841,1.6857,8.00,1.60
2009.04.23 03:36:21.902,1.68435,1.68555,1.60,1.60
2009.04.23 03:36:22.072,1.68435,1.6855,1.60,1.60
2009.04.23 03:36:22.243,1.68435,1.68555,1.60,1.60
2009.04.23 03:36:43.507,1.68445,1.68525,1.60,1.20
2009.04.23 03:36:44.787,1.68445,1.6855,1.60,1.80
2009.04.23 03:36:44.907,1.68445,1.68555,1.60,1.60
2009.04.23 03:36:45.017,1.68445,1.6852,1.60,1.20
2009.04.23 03:36:46.447,1.68405,1.6851,6.20,1.20
2009.04.23 03:36:46.677,1.6843,1.6855,1.60,1.60
2009.04.23 03:36:46.846,1.6843,1.6856,1.60,1.60
2009.04.23 03:36:47.176,1.68435,1.68565,1.60,1.60
2009.04.23 03:37:07.362,1.6844,1.68555,1.60,1.60
2009.04.23 03:37:07.532,1.6844,1.68555,1.60,9.60
2009.04.23 03:37:08.941,1.68435,1.68555,1.60,9.60
2009.04.23 03:37:11.141,1.68435,1.68555,1.60,1.60
2009.04.23 03:37:13.450,1.68435,1.68555,1.60,9.60
2009.04.23 03:37:20.268,1.68435,1.68555,1.60,1.60
2009.04.23 03:37:34.285,1.68435,1.68555,1.60,9.60
2009.04.23 03:37:51.531,1.68435,1.68555,1.60,1.60
2009.04.23 03:38:22.693,1.68435,1.6856,1.60,1.60
2009.04.23 03:38:22.863,1.6844,1.6856,1.60,1.60
2009.04.23 03:38:24.293,1.6844,1.68555,1.60,1.60
2009.04.23 03:38:41.239,1.6844,1.6856,1.60,1.60
2009.04.23 03:38:43.448,1.6844,1.68555,1.60,1.60
2009.04.23 03:38:45.548,1.68445,1.68555,1.60,1.60
2009.04.23 03:38:51.386,1.68445,1.68555,1.60,1.60
2009.04.23 03:38:58.545,1.68455,1.6855,1.60,1.60
2009.04.23 03:39:03.403,1.68455,1.68545,1.60,1.60
2009.04.23 03:39:08.342,1.68455,1.68555,1.60,1.60
2009.04.23 03:39:13.321,1.68455,1.6855,1.60,1.60
2009.04.23 03:39:19.789,1.68445,1.6855,1.60,1.60
2009.04.23 03:39:22.889,1.68445,1.68555,1.60,1.60
2009.04.23 03:39:25.498,1.68445,1.6855,1.60,1.60
2009.04.23 03:39:32.146,1.68445,1.68555,1.60,1.60
2009.04.23 03:39:34.076,1.68445,1.6855,1.60,1.60
2009.04.23 03:39:56.450,1.68445,1.68555,1.60,1.60
2009.04.23 03:39:58.630,1.68445,1.6855,1.60,1.60
2009.04.23 03:40:15.226,1.68445,1.68555,1.60,1.60
2009.04.23 03:40:17.565,1.68445,1.6855,1.60,1.60
2009.04.23 03:40:19.965,1.68405,1.6855,6.40,1.60
2009.04.23 03:40:20.675,1.6844,1.6855,1.60,1.60
2009.04.23 03:40:21.115,1.68435,1.6855,1.60,1.60
2009.04.23 03:41:16.721,1.68445,1.68555,1.60,1.60
2009.04.23 03:41:17.061,1.6845,1.68545,1.60,1.20
2009.04.23 03:41:17.731,1.6845,1.68545,4.80,1.20
2009.04.23 03:41:18.021,1.6845,1.68535,4.80,1.20
2009.04.23 03:41:20.370,1.6845,1.68515,1.60,1.20
2009.04.23 03:41:20.820,1.68445,1.68515,4.60,1.20
2009.04.23 03:41:24.209,1.6845,1.68525,3.20,1.20
2009.04.23 03:41:28.478,1.6845,1.68515,3.20,1.20
2009.04.23 03:41:28.538,1.68435,1.68515,4.60,1.20
2009.04.23 03:41:28.878,1.68435,1.68505,4.60,1.20
2009.04.23 03:41:29.218,1.68435,1.68515,4.60,1.20
2009.04.23 03:41:41.905,1.68445,1.68515,3.20,1.20
2009.04.23 03:41:42.025,1.68445,1.6852,3.20,1.20
2009.04.23 03:41:48.184,1.6844,1.68515,4.60,1.20
2009.04.23 03:41:48.573,1.6844,1.6851,4.60,1.20
2009.04.23 03:42:05.989,1.6845,1.6851,3.20,1.20
2009.04.23 03:42:06.569,1.6845,1.6852,3.20,1.20
2009.04.23 03:42:07.599,1.6845,1.68525,3.20,1.20
2009.04.23 03:42:14.447,1.6845,1.6853,3.20,1.20
2009.04.23 03:42:19.236,1.68445,1.6853,4.60,1.20
2009.04.23 03:42:19.416,1.68445,1.6852,4.60,1.20
2009.04.23 03:42:20.205,1.6845,1.6852,1.20,1.20
2009.04.23 03:42:20.496,1.6844,1.68515,4.60,1.20
2009.04.23 03:43:00.956,1.68445,1.68515,1.20,1.20
2009.04.23 03:44:03.801,1.68435,1.68515,7.60,1.20
2009.04.23 03:44:04.660,1.68435,1.6852,7.60,1.20
2009.04.23 03:44:38.942,1.68435,1.68515,7.60,1.20
2009.04.23 03:44:42.791,1.68435,1.68515,4.60,1.20
2009.04.23 03:44:43.311,1.68435,1.68505,3.20,1.20
2009.04.23 03:44:45.110,1.68435,1.685,3.20,1.20
2009.04.23 03:44:48.020,1.6842,1.685,7.20,1.20
2009.04.23 03:44:51.589,1.68425,1.685,1.60,1.20
2009.04.23 03:44:52.169,1.6842,1.685,7.20,1.20
2009.04.23 03:45:02.906,1.6842,1.68505,7.20,1.20
2009.04.23 03:45:03.376,1.6843,1.68505,3.20,1.20
2009.04.23 03:45:03.716,1.68435,1.6851,3.20,1.20
2009.04.23 03:45:12.894,1.6843,1.6851,3.20,1.20
2009.04.23 03:45:13.184,1.6843,1.68495,3.20,1.20
2009.04.23 03:45:18.892,1.68415,1.68485,5.20,1.20
2009.04.23 03:45:19.012,1.68415,1.6849,4.20,1.20
2009.04.23 03:45:19.312,1.68415,1.6849,3.00,1.20
2009.04.23 03:45:19.413,1.68415,1.685,3.00,1.20
2009.04.23 03:45:19.522,1.68415,1.68495,3.00,1.60
2009.04.23 03:45:19.922,1.68375,1.68495,4.60,1.60
2009.04.23 03:45:20.142,1.68375,1.6849,3.00,1.20
2009.04.23 03:45:20.322,1.68365,1.68495,8.00,2.60
2009.04.23 03:45:20.792,1.68365,1.6849,8.00,2.60
2009.04.23 03:45:22.221,1.68375,1.6848,8.00,1.60
2009.04.23 03:45:39.357,1.68375,1.6848,4.80,1.60
2009.04.23 03:45:55.173,1.68375,1.68485,4.80,1.60
2009.04.23 03:45:55.873,1.68375,1.68485,1.60,1.60
2009.04.23 03:45:55.984,1.68375,1.68485,1.60,2.60
2009.04.23 03:45:56.213,1.68375,1.68485,4.80,3.60
2009.04.23 03:45:56.333,1.68375,1.68485,1.60,3.60
2009.04.23 03:45:56.393,1.68375,1.6848,1.60,2.60
2009.04.23 03:45:56.673,1.68375,1.68475,1.60,1.00
2009.04.23 03:45:56.783,1.6837,1.68475,4.80,2.00
2009.04.23 03:45:57.473,1.6837,1.68455,4.80,1.20
2009.04.23 03:46:07.360,1.6837,1.68455,3.20,1.20
2009.04.23 03:46:11.339,1.6837,1.68465,3.20,1.20
2009.04.23 03:46:13.389,1.68375,1.68465,3.20,1.20
2009.04.23 03:46:19.697,1.68375,1.68465,6.40,1.20
2009.04.23 03:46:25.226,1.68375,1.68465,8.00,1.20
2009.04.23 03:46:35.804,1.68385,1.68465,3.00,1.20
2009.04.23 03:46:35.864,1.68385,1.6847,3.00,1.20
2009.04.23 03:46:35.914,1.68385,1.6847,6.40,1.20
2009.04.23 03:46:36.334,1.68385,1.6847,8.00,1.20
2009.04.23 03:47:04.387,1.68395,1.6847,3.20,1.20
2009.04.23 03:47:04.687,1.68395,1.6847,1.20,1.20
2009.04.23 03:47:05.087,1.68385,1.68465,4.80,1.20
2009.04.23 03:47:05.556,1.68385,1.68465,3.20,1.20
2009.04.23 03:47:13.385,1.68395,1.6847,3.20,1.20
2009.04.23 03:47:24.092,1.68395,1.6847,3.20,1.20
2009.04.23 03:47:33.969,1.68395,1.68465,3.20,1.20
2009.04.23 03:47:43.667,1.684,1.68465,3.20,1.20
2009.04.23 03:47:44.067,1.684,1.6848,3.20,2.60
2009.04.23 03:47:44.307,1.684,1.68495,3.20,1.60
2009.04.23 03:47:46.326,1.684,1.68495,3.20,1.00
2009.04.23 03:47:47.926,1.6841,1.68495,3.20,1.00
2009.04.23 03:47:48.156,1.68415,1.68495,3.20,1.00
2009.04.23 03:47:48.376,1.68415,1.68505,4.80,1.60
2009.04.23 03:47:48.596,1.6842,1.68505,1.60,1.60
2009.04.23 03:47:49.106,1.68415,1.6851,4.80,1.60
2009.04.23 03:47:50.506,1.68415,1.6851,4.80,1.00
2009.04.23 03:47:52.995,1.6842,1.6851,3.20,1.00
2009.04.23 03:47:53.515,1.6842,1.6851,4.80,1.00
2009.04.23 03:47:53.625,1.6842,1.68515,4.80,1.60
2009.04.23 03:47:59.713,1.68425,1.68515,3.20,1.00
2009.04.23 03:47:59.773,1.68425,1.68515,4.00,1.00
2009.04.23 03:48:00.174,1.68425,1.68515,3.20,1.00
2009.04.23 03:48:00.343,1.68425,1.68505,3.20,1.00
2009.04.23 03:48:09.601,1.68425,1.68505,4.00,1.00
2009.04.23 03:48:09.941,1.68425,1.68515,4.00,1.00
2009.04.23 03:48:10.051,1.68425,1.68515,5.60,1.00
2009.04.23 03:48:18.879,1.6844,1.68515,3.20,1.00
2009.04.23 03:48:19.099,1.68435,1.68515,3.20,1.00
2009.04.23 03:48:21.008,1.68435,1.6851,3.20,1.00
2009.04.23 03:48:21.938,1.68415,1.6851,4.80,1.00
2009.04.23 03:48:22.468,1.68415,1.6851,3.20,1.00
2009.04.23 03:48:29.266,1.68415,1.68505,3.20,1.00
2009.04.23 03:48:31.845,1.68415,1.6852,3.20,1.60
2009.04.23 03:48:35.985,1.68415,1.68525,3.20,6.40
2009.04.23 03:48:36.205,1.68415,1.6852,3.20,4.80
2009.04.23 03:48:36.684,1.68415,1.68525,3.20,1.60
2009.04.23 03:48:39.104,1.68425,1.68525,3.20,1.60
2009.04.23 03:48:39.404,1.68415,1.68525,3.20,1.60
2009.04.23 03:48:43.143,1.68425,1.68525,3.20,1.60
2009.04.23 03:48:43.763,1.68425,1.6853,3.20,1.60
2009.04.23 03:48:44.332,1.68425,1.68525,3.20,1.60
2009.04.23 03:48:53.390,1.6841,1.68525,1.60,1.60
2009.04.23 03:48:58.699,1.68425,1.6852,3.20,1.20
2009.04.23 03:48:59.779,1.68425,1.68515,3.20,1.20
2009.04.23 03:49:02.578,1.6843,1.68505,3.20,1.20
2009.04.23 03:49:03.108,1.68415,1.68505,3.20,1.20
2009.04.23 03:49:03.468,1.68425,1.6852,3.20,1.00
2009.04.23 03:49:06.247,1.6841,1.6852,3.20,1.60
2009.04.23 03:49:09.197,1.6841,1.68515,3.20,1.00
2009.04.23 03:49:15.285,1.6841,1.68515,3.20,1.60
2009.04.23 03:49:20.524,1.6841,1.68515,3.20,1.60
2009.04.23 03:49:20.804,1.684,1.68515,3.20,1.60
2009.04.23 03:49:21.024,1.684,1.68515,4.80,1.60
2009.04.23 03:49:22.223,1.684,1.6851,4.80,1.60
2009.04.23 03:49:29.241,1.684,1.6851,1.60,1.60
2009.04.23 03:49:29.592,1.684,1.68505,1.60,1.60
2009.04.23 03:49:31.451,1.684,1.685,1.60,1.60
2009.04.23 03:49:35.570,1.684,1.68495,1.60,1.60
2009.04.23 03:49:36.440,1.684,1.6849,1.60,1.60
2009.04.23 03:49:38.699,1.684,1.68485,1.60,1.60
2009.04.23 03:49:39.739,1.68405,1.68485,1.60,1.60
2009.04.23 03:49:40.309,1.68405,1.68495,1.60,1.60
2009.04.23 03:49:41.339,1.68405,1.685,1.60,1.60
2009.04.23 03:49:49.926,1.684,1.685,1.60,1.60
2009.04.23 03:49:50.097,1.684,1.68495,1.60,1.60
2009.04.23 03:49:50.506,1.684,1.6849,1.60,1.60
2009.04.23 03:49:51.386,1.684,1.68485,1.60,1.60
2009.04.23 03:49:52.646,1.684,1.68475,1.60,1.20
2009.04.23 03:49:54.065,1.684,1.6848,1.60,1.20
2009.04.23 03:49:54.515,1.68405,1.6849,1.60,1.60
2009.04.23 03:49:54.925,1.68405,1.68475,1.60,1.20
2009.04.23 03:49:55.215,1.684,1.68475,1.60,1.20
2009.04.23 03:49:55.565,1.68405,1.68475,1.60,1.20
2009.04.23 03:49:56.935,1.68405,1.68475,4.80,1.20
2009.04.23 03:49:57.105,1.6841,1.6849,1.60,1.60
2009.04.23 03:49:57.335,1.6841,1.68495,1.60,1.20
2009.04.23 03:49:58.954,1.6841,1.68485,1.60,1.20
2009.04.23 03:50:00.524,1.6841,1.68495,1.60,1.20
2009.04.23 03:50:00.964,1.6841,1.6848,1.60,1.20
2009.04.23 03:50:04.283,1.6841,1.6849,1.60,1.20
2009.04.23 03:50:06.412,1.68415,1.6849,1.60,1.20
2009.04.23 03:50:07.062,1.6842,1.6849,1.60,1.20
2009.04.23 03:50:08.612,1.6842,1.6848,1.60,1.20
2009.04.23 03:50:17.170,1.6842,1.68475,1.60,1.20
2009.04.23 03:50:34.726,1.6842,1.68475,4.60,1.20
2009.04.23 03:50:39.594,1.6842,1.68475,1.60,1.20
2009.04.23 03:50:47.403,1.6842,1.6848,1.60,1.20
2009.04.23 03:50:47.983,1.68415,1.6848,1.60,1.20
2009.04.23 03:51:03.359,1.68415,1.68485,1.60,1.20
2009.04.23 03:51:03.998,1.6842,1.68485,1.60,1.20
2009.04.23 03:51:05.558,1.6842,1.6849,1.60,1.20
2009.04.23 03:51:06.008,1.6842,1.68485,1.60,1.20
2009.04.23 03:51:18.355,1.6842,1.68495,1.60,1.20
2009.04.23 03:51:49.717,1.6842,1.68505,1.60,1.60
2009.04.23 03:51:51.247,1.6841,1.68505,1.60,1.60
2009.04.23 03:51:58.455,1.68415,1.68505,1.60,1.60
2009.04.23 03:52:03.614,1.68425,1.68515,1.60,1.20
2009.04.23 03:52:03.945,1.68425,1.68515,1.60,2.60
2009.04.23 03:52:04.114,1.6843,1.68515,1.60,1.20
2009.04.23 03:52:17.811,1.68425,1.68495,1.20,1.20
2009.04.23 03:52:48.233,1.6842,1.68495,1.20,1.20
2009.04.23 03:52:49.183,1.6842,1.6849,1.20,1.20
2009.04.23 03:52:50.972,1.68415,1.6848,1.20,1.20
2009.04.23 03:53:11.857,1.6842,1.6848,1.20,1.20
2009.04.23 03:53:12.078,1.68415,1.6848,4.60,1.20
2009.04.23 03:53:12.648,1.68415,1.68485,4.60,1.20
2009.04.23 03:53:14.647,1.68415,1.68485,3.20,1.20
2009.04.23 03:53:14.937,1.68415,1.68485,1.20,1.20
2009.04.23 03:53:15.097,1.6841,1.68485,1.20,1.20
2009.04.23 03:53:16.606,1.6841,1.6848,1.20,1.20
2009.04.23 03:53:21.395,1.68405,1.68475,1.20,1.20
2009.04.23 03:53:21.725,1.684,1.68465,1.20,1.20
2009.04.23 03:53:25.185,1.68395,1.6846,1.20,1.20
2009.04.23 03:53:26.134,1.684,1.6846,1.20,1.20
2009.04.23 03:53:32.852,1.684,1.68465,1.20,1.20
2009.04.23 03:53:36.221,1.68405,1.68475,1.20,1.20
2009.04.23 03:53:38.651,1.68405,1.6848,1.20,1.20
2009.04.23 03:53:40.021,1.68405,1.6849,1.20,2.00
2009.04.23 03:53:41.320,1.68405,1.6848,1.20,1.20
2009.04.23 03:53:47.729,1.6841,1.68485,1.20,1.20
2009.04.23 03:53:48.768,1.6841,1.68485,3.20,1.20
2009.04.23 03:53:59.556,1.6842,1.68495,1.20,1.20
2009.04.23 03:54:03.455,1.6842,1.68495,3.20,1.20
2009.04.23 03:54:06.994,1.68425,1.68495,3.20,1.20
2009.04.23 03:54:07.164,1.68425,1.685,3.20,1.20
2009.04.23 03:54:07.224,1.68425,1.68485,3.20,1.20
2009.04.23 03:54:07.684,1.68425,1.685,3.20,1.20
2009.04.23 03:54:23.330,1.6843,1.685,3.20,1.20
2009.04.23 03:54:23.560,1.6843,1.68505,3.20,1.20
2009.04.23 03:54:33.518,1.68435,1.6852,3.80,1.20
2009.04.23 03:54:33.818,1.68435,1.68505,3.00,1.20
2009.04.23 03:54:35.337,1.68425,1.68505,3.00,1.20
2009.04.23 03:54:38.287,1.68435,1.6851,3.20,1.20
2009.04.23 03:54:40.816,1.6843,1.6851,4.00,1.20
2009.04.23 03:54:42.275,1.6844,1.6851,1.60,1.20
2009.04.23 03:54:42.396,1.68455,1.6851,3.20,1.20
2009.04.23 03:54:42.575,1.68455,1.6852,3.20,1.60
2009.04.23 03:54:42.745,1.6845,1.6852,3.20,1.60
2009.04.23 03:54:43.036,1.6845,1.6852,3.20,1.20
2009.04.23 03:54:43.575,1.68455,1.6852,3.20,1.20
2009.04.23 03:54:44.025,1.68455,1.68515,3.20,1.20
2009.04.23 03:54:48.264,1.6845,1.6852,3.20,1.20
2009.04.23 03:54:48.614,1.68455,1.68525,3.20,1.20
2009.04.23 03:54:52.613,1.6846,1.68525,1.60,1.20
2009.04.23 03:54:52.733,1.68465,1.68525,1.60,1.20
2009.04.23 03:54:53.073,1.68465,1.68525,2.40,1.20
2009.04.23 03:54:53.133,1.68465,1.68525,5.40,1.20
2009.04.23 03:54:53.643,1.6847,1.6853,1.60,1.20
2009.04.23 03:54:54.573,1.68465,1.68525,3.00,1.20
2009.04.23 03:54:54.862,1.6846,1.68525,5.40,1.20
2009.04.23 03:54:54.973,1.6846,1.68525,4.60,1.20
2009.04.23 03:54:56.582,1.68455,1.68525,2.40,1.20
2009.04.23 03:54:56.702,1.68455,1.68525,1.60,1.20
2009.04.23 03:55:12.308,1.68455,1.6852,1.60,1.20
2009.04.23 03:55:21.086,1.6845,1.6852,4.80,1.20
2009.04.23 03:55:23.086,1.68455,1.6852,3.20,1.20
2009.04.23 03:55:28.355,1.6845,1.6852,4.80,1.20
2009.04.23 03:55:28.645,1.6845,1.6852,3.20,1.20
2009.04.23 03:55:28.874,1.68455,1.6852,3.20,1.20
2009.04.23 03:55:30.804,1.68445,1.6852,12.60,1.20
2009.04.23 03:55:30.974,1.68445,1.68515,7.20,1.20
2009.04.23 03:55:31.204,1.68445,1.68515,5.60,1.20
2009.04.23 03:55:31.433,1.68445,1.68515,4.80,1.20
2009.04.23 03:55:34.743,1.68445,1.68515,1.60,1.20
2009.04.23 03:55:34.903,1.6844,1.68515,1.60,1.20
2009.04.23 03:55:39.672,1.68445,1.6852,1.60,1.20
2009.04.23 03:55:40.931,1.68445,1.68515,1.60,1.20
2009.04.23 03:55:41.111,1.6844,1.68515,1.60,1.20
2009.04.23 03:55:45.170,1.6844,1.68515,4.80,1.20
2009.04.23 03:55:45.460,1.68445,1.68515,1.60,1.20
2009.04.23 03:55:45.750,1.68445,1.68525,1.60,1.60
2009.04.23 03:55:45.870,1.68445,1.6853,4.80,1.60
2009.04.23 03:55:45.990,1.68445,1.6853,4.80,1.00
2009.04.23 03:55:46.110,1.6845,1.6853,1.60,1.00
2009.04.23 03:55:58.077,1.6845,1.6853,1.60,1.00
2009.04.23 03:55:58.587,1.6845,1.6853,1.60,1.00
2009.04.23 03:56:00.187,1.6845,1.6853,1.60,1.00
2009.04.23 03:56:00.307,1.68445,1.6853,2.80,1.00
2009.04.23 03:56:00.647,1.6845,1.6853,1.60,1.00
2009.04.23 03:56:04.206,1.68445,1.6853,2.80,1.00
2009.04.23 03:56:04.785,1.6845,1.6853,1.60,1.00
2009.04.23 03:56:34.668,1.6845,1.6853,1.60,1.20
2009.04.23 03:56:41.796,1.68445,1.6853,6.20,1.20
2009.04.23 03:56:45.256,1.6845,1.68535,1.60,1.00
2009.04.23 03:56:45.666,1.6845,1.6854,1.60,2.60
2009.04.23 03:56:48.166,1.68445,1.68525,4.80,1.20
2009.04.23 03:56:48.345,1.68455,1.6853,1.60,1.00
2009.04.23 03:56:48.915,1.68455,1.68535,1.60,1.00
2009.04.23 03:56:50.045,1.68455,1.68535,1.60,1.20
2009.04.23 03:56:51.035,1.68455,1.68535,2.40,1.20
2009.04.23 03:56:51.214,1.68455,1.68535,1.60,1.20
2009.04.23 03:56:51.894,1.6844,1.6852,1.60,1.20
2009.04.23 03:56:52.064,1.68435,1.6852,1.60,1.20
2009.04.23 03:56:55.653,1.68425,1.6852,1.60,1.20
2009.04.23 03:56:57.893,1.68425,1.6852,4.80,1.20
2009.04.23 03:56:58.003,1.68425,1.68525,4.80,1.60
2009.04.23 03:56:58.293,1.6844,1.68525,1.60,1.60
2009.04.23 03:56:58.582,1.6844,1.6853,1.60,1.60
2009.04.23 03:56:58.872,1.6844,1.68535,1.60,1.60
2009.04.23 03:57:03.131,1.6844,1.6854,1.60,1.60
2009.04.23 03:57:10.970,1.6844,1.68525,1.60,1.20
2009.04.23 03:57:11.139,1.6844,1.68525,2.80,1.20
2009.04.23 03:57:11.819,1.6844,1.68535,2.80,1.20
2009.04.23 03:57:12.229,1.6844,1.6851,1.60,1.20
2009.04.23 03:57:12.679,1.6844,1.685,1.60,1.20
2009.04.23 03:57:13.769,1.68435,1.68515,3.20,1.20
2009.04.23 03:57:14.289,1.68435,1.68515,4.80,1.20
2009.04.23 03:57:14.469,1.68435,1.68515,3.20,1.20
2009.04.23 03:57:14.929,1.6843,1.68515,6.20,1.20
2009.04.23 03:57:15.108,1.6843,1.6851,6.20,1.20
2009.04.23 03:57:15.498,1.6843,1.6851,4.60,1.20
2009.04.23 03:57:15.938,1.6844,1.68515,1.20,2.00
2009.04.23 03:57:22.107,1.6845,1.6853,3.20,1.20
2009.04.23 03:57:22.527,1.6845,1.6854,3.20,1.60
2009.04.23 03:57:22.707,1.6845,1.68545,3.20,2.60
2009.04.23 03:57:22.947,1.6845,1.68545,3.20,10.60
2009.04.23 03:57:25.196,1.6845,1.68545,3.20,9.00
2009.04.23 03:57:27.205,1.6845,1.68545,3.20,8.80
2009.04.23 03:57:27.316,1.6845,1.68525,3.20,1.20
2009.04.23 03:57:28.345,1.6845,1.68525,3.20,1.20
2009.04.23 03:57:28.576,1.6845,1.6853,3.20,1.20
2009.04.23 03:57:29.035,1.6845,1.68525,3.20,1.20
2009.04.23 03:57:30.575,1.6845,1.68525,4.60,1.20
2009.04.23 03:57:31.505,1.68455,1.68525,3.20,1.20
2009.04.23 03:57:32.664,1.68455,1.68525,3.20,1.20
2009.04.23 03:57:33.284,1.68455,1.68515,3.20,1.00
2009.04.23 03:57:33.574,1.6845,1.68515,4.60,1.00
2009.04.23 03:57:33.744,1.6845,1.6852,4.60,1.20
2009.04.23 03:57:33.964,1.68455,1.6852,1.20,1.20
2009.04.23 03:57:34.134,1.68435,1.6851,4.60,1.20
2009.04.23 03:57:34.414,1.68455,1.6851,3.20,1.20
2009.04.23 03:57:34.584,1.68455,1.68525,3.20,1.00
2009.04.23 03:57:36.253,1.68455,1.68515,3.20,1.20
2009.04.23 03:57:39.563,1.6845,1.68515,3.20,1.20
2009.04.23 03:57:40.013,1.6844,1.68515,4.60,1.20
2009.04.23 03:57:40.582,1.68445,1.68515,3.20,1.20
2009.04.23 03:57:40.802,1.68445,1.6852,4.60,1.00
2009.04.23 03:57:49.700,1.68455,1.6852,1.20,1.00
2009.04.23 03:57:50.061,1.68445,1.6852,4.60,1.20
2009.04.23 03:57:50.180,1.68455,1.68525,1.20,1.20
2009.04.23 03:58:02.067,1.6845,1.6852,1.20,1.20
2009.04.23 03:58:03.607,1.68445,1.6854,1.20,1.60
2009.04.23 03:58:03.897,1.6845,1.6854,4.60,1.00
2009.04.23 03:58:04.177,1.68455,1.68545,1.20,1.00
2009.04.23 03:58:04.587,1.6846,1.68545,1.20,1.00
2009.04.23 03:58:04.756,1.6846,1.68555,1.20,2.60
2009.04.23 03:58:05.156,1.6846,1.6855,1.20,1.20
2009.04.23 03:58:05.736,1.68455,1.68555,1.60,1.20
2009.04.23 03:58:06.536,1.68465,1.68555,1.60,1.20
2009.04.23 03:58:06.896,1.68455,1.68555,1.20,1.20
2009.04.23 03:58:07.306,1.68465,1.6854,1.20,1.20
2009.04.23 03:58:08.416,1.6846,1.68545,1.20,9.00
2009.04.23 03:58:11.385,1.6846,1.6855,1.20,1.20
2009.04.23 03:58:13.154,1.68465,1.68535,1.20,1.20
2009.04.23 03:58:13.664,1.6846,1.68535,4.60,1.20
2009.04.23 03:58:14.174,1.68455,1.6853,4.60,1.20
2009.04.23 03:58:15.674,1.6846,1.6853,1.20,1.20
2009.04.23 03:58:17.543,1.6845,1.68525,4.60,1.20
2009.04.23 03:58:19.683,1.6846,1.6853,1.20,1.20
2009.04.23 03:58:22.752,1.6845,1.68525,4.60,1.20
2009.04.23 03:58:23.082,1.68455,1.68525,3.20,1.20
2009.04.23 03:58:23.562,1.68455,1.6853,4.60,1.20
2009.04.23 03:58:29.681,1.6846,1.68535,4.60,1.20
2009.04.23 03:58:29.851,1.68465,1.68535,1.20,1.20
2009.04.23 03:58:34.319,1.68455,1.6853,4.60,1.20
2009.04.23 03:58:35.739,1.6846,1.6853,3.20,1.20
2009.04.23 03:58:41.767,1.6847,1.68535,3.20,1.20
2009.04.23 03:58:44.017,1.68465,1.6853,3.20,1.20
2009.04.23 03:58:45.576,1.68465,1.68535,3.20,1.20
2009.04.23 03:58:45.677,1.6847,1.68535,3.20,1.20
2009.04.23 03:58:45.907,1.68465,1.68535,3.20,1.20
2009.04.23 03:58:46.077,1.68465,1.6853,3.20,1.20
2009.04.23 03:58:58.213,1.68465,1.68525,1.00,1.20
2009.04.23 03:58:58.324,1.68465,1.6853,1.00,1.20
2009.04.23 03:58:58.714,1.68465,1.68525,1.00,1.20
2009.04.23 03:59:04.742,1.68475,1.6855,1.00,2.60
2009.04.23 03:59:04.922,1.68475,1.6855,1.00,1.20
2009.04.23 03:59:11.380,1.68475,1.6854,1.00,1.20
2009.04.23 03:59:12.310,1.68465,1.6854,2.40,1.20
2009.04.23 03:59:13.110,1.68475,1.6854,1.00,1.20
2009.04.23 03:59:13.980,1.68475,1.68555,1.20,1.20
2009.04.23 03:59:14.310,1.68475,1.68555,3.20,1.20
2009.04.23 03:59:14.720,1.68475,1.6854,1.00,1.20
2009.04.23 03:59:15.459,1.6847,1.6855,2.80,1.20
2009.04.23 03:59:15.690,1.6848,1.6855,1.00,1.20
2009.04.23 03:59:21.688,1.68475,1.6855,1.20,1.20
2009.04.23 03:59:21.908,1.68485,1.6855,1.60,1.20
2009.04.23 03:59:22.317,1.6849,1.6856,1.60,1.20
2009.04.23 03:59:22.888,1.68495,1.6856,1.60,1.20
2009.04.23 03:59:31.425,1.685,1.6856,1.60,1.20
2009.04.23 03:59:31.536,1.685,1.6857,1.60,1.60
2009.04.23 03:59:31.655,1.68505,1.6857,1.60,1.60
2009.04.23 03:59:31.715,1.685,1.68575,1.60,1.20
2009.04.23 03:59:32.125,1.68495,1.68575,1.60,1.20
2009.04.23 03:59:32.535,1.6849,1.68575,1.60,1.20
2009.04.23 03:59:33.235,1.68495,1.68575,1.60,1.20
2009.04.23 03:59:33.465,1.6851,1.68575,1.60,1.20
2009.04.23 03:59:35.954,1.68505,1.68575,1.60,1.20
2009.04.23 03:59:40.854,1.6851,1.68575,1.60,1.20
2009.04.23 03:59:42.503,1.68495,1.68575,1.60,1.20
2009.04.23 03:59:51.271,1.685,1.68575,1.60,1.20
2009.04.23 03:59:51.331,1.685,1.68585,1.60,2.60
2009.04.23 03:59:51.910,1.685,1.68585,1.60,1.20
