2012.04.05 23:00:00.419,1.45549,1.45627,1.50,1.13
2012.04.05 23:00:00.496,1.45552,1.4563,1.50,1.69
2012.04.05 23:00:00.822,1.45567,1.45613,1.50,1.50
2012.04.05 23:00:01.109,1.45555,1.45633,1.50,1.69
2012.04.05 23:00:01.188,1.45555,1.45633,1.50,1.69
2012.04.05 23:00:04.969,1.4555,1.45628,1.50,1.50
2012.04.05 23:00:05.285,1.4555,1.45628,1.50,1.50
2012.04.05 23:00:10.900,1.4555,1.45628,1.50,1.69
2012.04.05 23:00:11.455,1.4555,1.45628,1.50,1.69
2012.04.05 23:00:13.439,1.45552,1.45612,2.18,1.50
2012.04.05 23:00:15.394,1.45557,1.4562,1.43,1.50
2012.04.05 23:00:23.904,1.45557,1.4562,1.43,1.50
2012.04.05 23:00:24.097,1.45552,1.45627,1.43,1.50
2012.04.05 23:00:24.890,1.45548,1.4562,2.18,1.50
2012.04.05 23:00:25.904,1.45549,1.4562,2.18,1.50
2012.04.05 23:00:27.321,1.45548,1.45622,2.18,1.50
2012.04.05 23:00:35.462,1.45556,1.45622,2.18,1.50
2012.04.05 23:00:35.796,1.45558,1.45622,1.43,1.50
2012.04.05 23:00:36.500,1.45555,1.4562,2.18,1.50
2012.04.05 23:00:38.957,1.45554,1.4562,1.13,1.50
2012.04.05 23:00:42.617,1.45557,1.45614,1.13,1.50
2012.04.05 23:00:44.878,1.45562,1.45616,1.50,1.50
2012.04.05 23:00:45.064,1.4556,1.45626,2.18,1.50
2012.04.05 23:00:45.139,1.4556,1.45626,2.18,1.50
2012.04.05 23:00:45.652,1.45568,1.45631,1.43,1.50
2012.04.05 23:00:48.209,1.4557,1.45631,2.18,1.50
2012.04.05 23:00:58.737,1.4557,1.45631,1.43,1.50
2012.04.05 23:00:58.806,1.45566,1.45631,2.18,1.50
2012.04.05 23:00:59.389,1.45558,1.45621,2.18,1.50
2012.04.05 23:01:10.649,1.45561,1.45621,2.18,1.50
2012.04.05 23:01:40.964,1.45562,1.45621,2.18,1.50
2012.04.05 23:01:43.001,1.45562,1.45623,2.18,1.13
2012.04.05 23:02:42.970,1.45568,1.45634,1.43,1.17
2012.04.05 23:02:43.654,1.45568,1.45639,1.43,1.48
2012.04.05 23:02:44.239,1.45568,1.45634,2.18,1.17
2012.04.05 23:02:44.568,1.45573,1.45624,2.18,1.50
2012.04.05 23:02:45.126,1.45573,1.45624,2.18,1.50
2012.04.05 23:02:45.725,1.45573,1.45627,2.18,1.50
2012.04.05 23:02:59.920,1.45573,1.45631,2.18,1.50
2012.04.05 23:03:15.487,1.45572,1.45633,2.18,1.50
2012.04.05 23:03:15.735,1.45576,1.45642,2.18,1.50
2012.04.05 23:03:52.625,1.45576,1.45644,2.18,1.73
2012.04.05 23:03:52.757,1.45576,1.45644,2.18,1.73
2012.04.05 23:03:58.667,1.45584,1.45648,2.18,1.05
2012.04.05 23:03:58.949,1.45593,1.45648,2.18,1.05
2012.04.05 23:03:59.536,1.45593,1.45649,2.18,1.05
2012.04.05 23:04:00.451,1.45592,1.45654,2.18,1.50
2012.04.05 23:04:00.600,1.45592,1.45648,2.18,1.50
2012.04.05 23:04:01.111,1.45592,1.45649,2.18,1.50
2012.04.05 23:04:01.185,1.45592,1.45654,2.18,1.50
2012.04.05 23:04:08.138,1.45592,1.45649,2.18,1.50
2012.04.05 23:04:11.675,1.45592,1.45649,2.18,1.50
2012.04.05 23:04:14.065,1.4559,1.45649,2.18,1.50
2012.04.05 23:04:15.114,1.4559,1.45649,2.18,1.50
2012.04.05 23:04:18.070,1.4559,1.45649,2.18,1.50
2012.04.05 23:04:26.460,1.4559,1.45653,2.18,1.50
2012.04.05 23:04:27.225,1.45605,1.45661,2.18,1.50
2012.04.05 23:04:28.258,1.45605,1.45661,2.18,1.50
2012.04.05 23:04:35.325,1.45593,1.45661,2.18,1.50
2012.04.05 23:04:35.830,1.45593,1.45653,2.18,1.50
2012.04.05 23:04:49.188,1.45596,1.45653,2.18,1.50
2012.04.05 23:04:57.365,1.45589,1.45653,2.93,1.50
2012.04.05 23:05:02.945,1.45596,1.45653,2.18,1.50
2012.04.05 23:06:03.008,1.456,1.45671,1.43,1.05
2012.04.05 23:06:03.775,1.45585,1.4567,1.43,1.05
2012.04.05 23:06:03.847,1.45585,1.45666,2.18,1.69
2012.04.05 23:06:05.105,1.45585,1.45666,2.18,1.69
2012.04.05 23:06:09.616,1.45596,1.45654,1.50,1.50
2012.04.05 23:06:11.100,1.45596,1.45654,1.50,1.50
2012.04.05 23:06:12.086,1.45596,1.45654,1.50,1.50
2012.04.05 23:06:17.439,1.45596,1.45658,1.50,1.50
2012.04.05 23:06:18.556,1.45596,1.45654,1.50,1.50
2012.04.05 23:06:19.686,1.45596,1.45654,1.50,1.50
2012.04.05 23:06:21.307,1.45596,1.45654,1.50,1.50
2012.04.05 23:06:21.383,1.45596,1.45658,1.50,1.50
2012.04.05 23:06:25.359,1.45596,1.45654,1.50,1.50
2012.04.05 23:06:26.964,1.45596,1.45654,1.50,1.50
2012.04.05 23:06:32.260,1.45592,1.45654,1.50,1.50
2012.04.05 23:06:32.386,1.45592,1.45644,1.50,1.50
2012.04.05 23:06:32.457,1.45584,1.45644,2.52,1.50
2012.04.05 23:06:32.776,1.45581,1.45644,1.50,1.50
2012.04.05 23:06:32.965,1.45575,1.45647,1.50,1.50
2012.04.05 23:06:33.650,1.45575,1.45647,1.50,1.50
2012.04.05 23:06:35.388,1.45575,1.45647,1.50,1.50
2012.04.05 23:06:56.797,1.45575,1.45647,1.50,1.50
2012.04.05 23:07:09.754,1.45575,1.45647,1.50,1.50
2012.04.05 23:07:12.536,1.45575,1.45647,1.50,1.50
2012.04.05 23:07:12.605,1.45575,1.45647,1.50,1.50
2012.04.05 23:07:15.483,1.45575,1.45647,1.50,1.50
2012.04.05 23:07:37.918,1.45571,1.45666,2.18,2.07
2012.04.05 23:07:38.446,1.45566,1.45664,2.18,2.18
2012.04.05 23:07:45.236,1.4558,1.45652,1.50,1.50
2012.04.05 23:08:16.560,1.45581,1.45652,2.18,1.50
2012.04.05 23:08:24.158,1.45587,1.45653,2.18,1.50
2012.04.05 23:08:24.790,1.4559,1.45666,1.50,1.50
2012.04.05 23:08:33.677,1.45596,1.4567,1.50,1.69
2012.04.05 23:08:38.819,1.45596,1.4567,1.50,1.69
2012.04.05 23:08:39.187,1.45596,1.4567,1.50,1.69
2012.04.05 23:08:41.947,1.45589,1.45669,1.50,1.69
2012.04.05 23:08:50.287,1.45589,1.45669,1.50,1.50
2012.04.05 23:09:18.350,1.45589,1.45669,1.50,1.50
2012.04.05 23:09:27.180,1.45596,1.4566,1.50,1.50
2012.04.05 23:09:28.520,1.45594,1.45668,1.50,1.50
2012.04.05 23:09:29.032,1.45594,1.45668,1.50,1.50
2012.04.05 23:09:31.577,1.45594,1.45668,1.50,1.50
2012.04.05 23:09:32.522,1.45594,1.45668,1.50,1.50
2012.04.05 23:09:34.337,1.45594,1.45668,1.50,1.50
2012.04.05 23:09:34.545,1.45594,1.45668,1.50,1.50
2012.04.05 23:09:35.129,1.45596,1.45668,2.18,1.50
2012.04.05 23:09:58.001,1.45606,1.45672,1.50,1.50
2012.04.05 23:09:58.412,1.45615,1.45672,2.18,1.50
2012.04.05 23:09:58.560,1.45616,1.45672,1.50,1.50
2012.04.05 23:09:58.924,1.45612,1.45672,1.50,1.50
2012.04.05 23:09:59.418,1.45616,1.45672,1.50,1.50
2012.04.05 23:09:59.498,1.45607,1.45673,1.50,1.50
2012.04.05 23:10:10.536,1.45607,1.45673,1.50,1.50
2012.04.05 23:10:16.957,1.45597,1.45673,2.93,1.50
2012.04.05 23:10:17.267,1.45596,1.45676,1.50,1.50
2012.04.05 23:10:17.938,1.45596,1.45676,1.50,1.69
2012.04.05 23:10:18.416,1.45607,1.45672,1.50,1.50
2012.04.05 23:10:37.768,1.4561,1.45672,1.50,1.50
2012.04.05 23:10:55.491,1.45602,1.45678,2.18,1.50
2012.04.05 23:10:55.562,1.45602,1.45678,2.18,1.50
2012.04.05 23:10:57.602,1.45602,1.45686,1.50,1.50
2012.04.05 23:10:59.815,1.45602,1.45686,1.50,1.50
2012.04.05 23:11:00.158,1.45602,1.45686,1.50,1.50
2012.04.05 23:11:01.423,1.45602,1.45686,1.50,1.50
2012.04.05 23:11:01.849,1.45602,1.45686,1.50,1.50
2012.04.05 23:11:01.920,1.45602,1.45686,1.50,1.50
2012.04.05 23:11:02.847,1.45602,1.45686,1.50,1.50
2012.04.05 23:11:03.459,1.45602,1.45686,1.50,1.50
2012.04.05 23:11:20.039,1.4561,1.45686,1.50,1.50
2012.04.05 23:11:20.244,1.4561,1.45677,1.50,1.69
2012.04.05 23:11:20.382,1.45605,1.45674,1.50,1.69
2012.04.05 23:11:20.459,1.45605,1.45673,1.50,1.50
2012.04.05 23:11:20.589,1.45604,1.45676,2.93,1.69
2012.04.05 23:11:22.080,1.45604,1.45676,2.93,1.69
2012.04.05 23:11:24.115,1.45604,1.45676,2.93,1.69
2012.04.05 23:11:36.638,1.45604,1.45675,1.50,2.18
2012.04.05 23:11:37.053,1.45604,1.45675,1.50,2.18
2012.04.05 23:12:03.180,1.45604,1.45675,1.50,2.18
2012.04.05 23:12:03.456,1.45604,1.45675,1.50,1.43
2012.04.05 23:12:26.206,1.45603,1.45675,2.18,1.80
2012.04.05 23:12:29.479,1.45603,1.45674,2.18,1.13
2012.04.05 23:12:29.550,1.456,1.45674,1.13,1.13
2012.04.05 23:12:29.678,1.45593,1.4567,2.18,1.32
2012.04.05 23:12:29.958,1.45595,1.45667,1.50,2.55
2012.04.05 23:12:30.455,1.45595,1.45664,1.50,1.13
2012.04.05 23:12:30.709,1.45595,1.45666,1.50,1.80
2012.04.05 23:12:31.077,1.45595,1.45667,1.50,2.55
2012.04.05 23:12:35.155,1.45595,1.45667,1.50,2.55
2012.04.05 23:12:45.574,1.45595,1.45667,1.50,2.55
2012.04.05 23:12:55.152,1.45595,1.45663,1.50,1.13
2012.04.05 23:12:59.104,1.45595,1.45663,1.50,1.13
2012.04.05 23:13:12.131,1.45595,1.4566,1.50,1.13
2012.04.05 23:13:15.696,1.45598,1.45657,1.50,2.55
2012.04.05 23:13:15.842,1.45598,1.45656,1.50,1.13
2012.04.05 23:13:16.129,1.45587,1.45657,1.50,1.32
2012.04.05 23:13:16.207,1.45587,1.45654,1.50,1.13
2012.04.05 23:13:16.279,1.45587,1.45654,1.50,1.13
2012.04.05 23:13:16.407,1.45587,1.45654,1.50,1.13
2012.04.05 23:13:16.749,1.45588,1.45657,2.18,1.13
2012.04.05 23:13:16.818,1.45588,1.45657,2.18,1.13
2012.04.05 23:13:17.171,1.45588,1.45657,2.18,1.13
2012.04.05 23:13:17.253,1.45588,1.45657,2.18,1.13
2012.04.05 23:13:24.147,1.45593,1.45657,1.50,1.13
2012.04.05 23:13:24.401,1.45593,1.45657,1.50,1.13
2012.04.05 23:13:24.607,1.45593,1.45657,1.50,2.55
2012.04.05 23:14:04.016,1.45593,1.45657,1.50,2.55
2012.04.05 23:14:10.442,1.45593,1.45657,1.50,2.55
2012.04.05 23:14:10.578,1.45593,1.45657,1.50,2.55
2012.04.05 23:14:17.910,1.45592,1.45663,2.18,1.13
2012.04.05 23:14:19.208,1.45592,1.45665,2.18,2.18
2012.04.05 23:14:19.282,1.45599,1.45663,1.50,1.50
2012.04.05 23:14:19.558,1.45602,1.45669,1.50,1.80
2012.04.05 23:14:20.034,1.45602,1.45666,1.50,1.50
2012.04.05 23:14:21.166,1.45602,1.45672,1.50,1.50
2012.04.05 23:14:22.111,1.45602,1.45672,1.50,1.50
2012.04.05 23:14:27.940,1.45602,1.45674,1.50,1.69
2012.04.05 23:14:35.418,1.45602,1.45672,1.50,1.50
2012.04.05 23:14:41.771,1.45605,1.45677,1.50,1.69
2012.04.05 23:14:50.617,1.45612,1.45677,1.50,1.50
2012.04.05 23:14:50.973,1.45644,1.45695,2.18,1.10
2012.04.05 23:14:53.684,1.45643,1.45695,1.43,1.10
2012.04.05 23:14:55.637,1.45643,1.45695,1.43,1.10
2012.04.05 23:14:55.914,1.45631,1.45695,1.50,1.33
2012.04.05 23:14:56.398,1.45621,1.45694,1.50,2.10
2012.04.05 23:14:56.544,1.45615,1.45686,1.50,1.05
2012.04.05 23:14:56.691,1.45606,1.45686,3.00,1.05
2012.04.05 23:14:57.154,1.45607,1.45686,1.50,1.05
2012.04.05 23:14:57.251,1.45601,1.45673,1.50,1.17
2012.04.05 23:14:57.337,1.45596,1.45666,2.25,1.13
2012.04.05 23:14:57.766,1.45597,1.45677,2.93,1.73
2012.04.05 23:14:58.110,1.45597,1.45675,1.50,1.17
2012.04.05 23:14:58.883,1.45597,1.45675,1.50,1.17
2012.04.05 23:14:59.190,1.45618,1.45687,2.18,2.48
2012.04.05 23:14:59.276,1.45621,1.45678,2.18,1.05
2012.04.05 23:14:59.497,1.45612,1.45684,2.18,1.05
2012.04.05 23:14:59.779,1.45615,1.45678,2.18,1.05
2012.04.05 23:14:59.921,1.45615,1.45678,2.18,1.05
2012.04.05 23:15:00.622,1.45609,1.45683,1.50,1.05
2012.04.05 23:15:07.293,1.45615,1.45684,1.50,1.05
2012.04.05 23:15:12.662,1.45615,1.45688,1.50,1.80
2012.04.05 23:15:13.014,1.4562,1.45679,2.18,1.13
2012.04.05 23:15:13.239,1.45614,1.45679,1.50,1.13
2012.04.05 23:15:13.313,1.45614,1.45679,1.50,1.13
2012.04.05 23:15:13.392,1.45614,1.45688,1.50,1.88
2012.04.05 23:15:13.531,1.45615,1.45688,2.18,1.80
2012.04.05 23:15:13.683,1.45632,1.45688,2.18,1.80
2012.04.05 23:15:14.452,1.45632,1.45688,2.18,1.05
2012.04.05 23:15:16.037,1.45632,1.45695,2.18,1.48
2012.04.05 23:15:16.250,1.45639,1.45695,1.43,1.48
2012.04.05 23:15:16.576,1.45637,1.45699,2.18,1.48
2012.04.05 23:15:23.077,1.45639,1.45698,2.18,1.13
2012.04.05 23:15:23.417,1.45644,1.457,2.18,1.10
2012.04.05 23:15:23.610,1.45644,1.45699,1.43,1.50
2012.04.05 23:15:24.111,1.45633,1.45698,2.18,1.50
2012.04.05 23:15:24.208,1.45641,1.45693,1.43,1.50
2012.04.05 23:15:24.345,1.45631,1.45693,2.18,1.50
2012.04.05 23:15:24.631,1.45631,1.45698,2.18,1.50
2012.04.05 23:15:24.711,1.45632,1.45698,1.50,1.50
2012.04.05 23:15:26.187,1.45641,1.45694,2.18,1.50
2012.04.05 23:15:27.298,1.45641,1.45694,2.18,1.69
2012.04.05 23:15:31.609,1.45641,1.45694,2.18,1.13
2012.04.05 23:15:31.869,1.45633,1.45693,2.18,1.13
2012.04.05 23:15:31.941,1.45633,1.45698,2.18,1.69
2012.04.05 23:15:33.077,1.45641,1.45694,2.18,1.69
2012.04.05 23:15:33.473,1.45641,1.45694,2.18,1.69
2012.04.05 23:15:44.911,1.45641,1.45694,2.18,1.69
2012.04.05 23:15:45.121,1.45632,1.45693,2.18,1.69
2012.04.05 23:15:45.331,1.45632,1.45699,2.18,1.69
2012.04.05 23:15:45.599,1.45631,1.45699,2.18,1.69
2012.04.05 23:15:46.321,1.45643,1.45699,1.43,1.69
2012.04.05 23:15:47.438,1.45643,1.45699,2.18,1.69
2012.04.05 23:15:48.140,1.45643,1.45699,1.43,1.69
2012.04.05 23:15:48.479,1.45633,1.45694,2.18,1.13
2012.04.05 23:15:48.829,1.45633,1.45678,1.43,1.69
2012.04.05 23:15:49.033,1.4562,1.45675,1.50,1.13
2012.04.05 23:15:49.417,1.45614,1.45671,2.18,1.69
2012.04.05 23:15:50.571,1.45605,1.45669,1.50,1.69
2012.04.05 23:15:50.887,1.45611,1.45669,2.18,1.69
2012.04.05 23:15:52.157,1.45617,1.45674,2.18,1.69
2012.04.05 23:15:54.601,1.45617,1.45674,1.43,1.69
2012.04.05 23:15:54.672,1.45617,1.45674,2.18,1.69
2012.04.05 23:15:54.967,1.45613,1.45674,2.18,1.69
2012.04.05 23:15:55.048,1.45608,1.45674,2.18,1.50
2012.04.05 23:15:55.124,1.45606,1.45678,1.50,1.69
2012.04.05 23:15:55.202,1.45607,1.45681,1.50,1.69
2012.04.05 23:15:55.981,1.45607,1.45681,1.50,1.69
2012.04.05 23:15:56.066,1.45607,1.45681,1.50,1.69
2012.04.05 23:16:03.390,1.45613,1.45683,2.18,1.69
2012.04.05 23:16:04.804,1.45613,1.45683,2.18,1.69
2012.04.05 23:16:34.733,1.45614,1.45689,2.18,1.69
2012.04.05 23:16:35.273,1.45624,1.45689,2.18,1.69
2012.04.05 23:16:36.672,1.45625,1.45688,2.18,1.69
2012.04.05 23:16:37.585,1.45625,1.45688,2.18,1.69
2012.04.05 23:16:41.157,1.45612,1.45688,2.93,1.69
2012.04.05 23:16:41.232,1.45612,1.45688,2.93,1.69
2012.04.05 23:16:41.991,1.45607,1.45683,1.50,1.69
2012.04.05 23:16:42.143,1.45607,1.45678,1.50,1.13
2012.04.05 23:16:42.226,1.45604,1.45678,1.16,1.13
2012.04.05 23:16:42.442,1.45602,1.45677,1.16,1.69
2012.04.05 23:16:42.520,1.45597,1.45677,1.35,1.69
2012.04.05 23:16:42.940,1.45604,1.45677,1.16,1.69
2012.04.05 23:16:43.139,1.45597,1.45677,1.35,1.69
2012.04.05 23:16:45.508,1.45597,1.45677,1.53,1.69
2012.04.05 23:16:45.853,1.45622,1.45682,2.18,2.07
2012.04.05 23:16:46.271,1.45615,1.45683,1.50,1.32
2012.04.05 23:16:46.354,1.45615,1.45684,2.93,1.17
2012.04.05 23:16:46.690,1.45615,1.45684,1.50,1.17
2012.04.05 23:16:46.758,1.45615,1.45684,1.50,1.17
2012.04.05 23:16:47.027,1.45615,1.45684,1.50,1.92
2012.04.05 23:16:49.559,1.45615,1.45684,1.50,1.92
2012.04.05 23:16:50.989,1.45615,1.45684,1.50,1.92
2012.04.05 23:16:51.702,1.45615,1.45684,1.50,1.17
2012.04.05 23:16:53.851,1.45615,1.45684,1.50,1.17
2012.04.05 23:16:56.822,1.45615,1.45688,1.50,1.69
2012.04.05 23:17:00.366,1.45615,1.45683,1.50,1.17
2012.04.05 23:17:18.623,1.45615,1.45683,1.50,1.17
2012.04.05 23:17:21.041,1.45615,1.45683,1.50,1.17
2012.04.05 23:17:21.287,1.45615,1.45683,1.50,1.17
2012.04.05 23:17:39.693,1.45615,1.45681,1.50,1.17
2012.04.05 23:17:40.276,1.45604,1.45679,1.50,1.32
2012.04.05 23:17:47.087,1.45604,1.45679,1.50,1.32
2012.04.05 23:17:47.609,1.45602,1.45677,2.18,2.07
2012.04.05 23:17:47.829,1.45602,1.45676,2.18,1.32
2012.04.05 23:17:54.038,1.45603,1.45676,2.18,1.32
2012.04.05 23:17:54.980,1.45602,1.45676,2.18,1.32
2012.04.05 23:17:59.914,1.45602,1.45677,2.18,1.32
2012.04.05 23:18:10.503,1.45602,1.45677,2.18,1.32
2012.04.05 23:18:13.273,1.45602,1.45676,2.18,1.32
2012.04.05 23:18:13.588,1.45602,1.45676,2.18,1.32
2012.04.05 23:18:19.707,1.45602,1.45677,2.18,1.32
2012.04.05 23:18:19.779,1.45617,1.45677,2.18,1.32
2012.04.05 23:18:19.972,1.45617,1.4568,2.18,1.32
2012.04.05 23:18:22.269,1.45617,1.4568,2.18,1.32
2012.04.05 23:18:31.898,1.45617,1.4568,2.18,1.32
2012.04.05 23:18:44.139,1.45617,1.4568,2.18,1.32
2012.04.05 23:18:44.749,1.45617,1.4568,2.18,1.32
2012.04.05 23:18:49.196,1.45617,1.4568,2.18,1.32
2012.04.05 23:18:49.874,1.45617,1.4568,2.18,1.13
2012.04.05 23:18:50.083,1.45619,1.45683,1.50,1.69
2012.04.05 23:18:50.238,1.45626,1.45685,1.50,1.32
2012.04.05 23:18:50.776,1.45626,1.45684,1.50,1.17
2012.04.05 23:18:50.928,1.45626,1.45687,1.50,1.24
2012.04.05 23:18:51.076,1.45623,1.45682,2.18,1.32
2012.04.05 23:18:51.351,1.4562,1.4568,2.18,1.69
2012.04.05 23:18:51.482,1.45616,1.4568,1.50,1.69
2012.04.05 23:19:02.452,1.45616,1.4568,1.50,2.07
2012.04.05 23:19:02.830,1.45616,1.4568,1.50,2.07
2012.04.05 23:19:23.964,1.45616,1.4568,2.93,1.69
2012.04.05 23:19:24.047,1.45616,1.4568,2.93,1.69
2012.04.05 23:19:24.380,1.45616,1.4568,1.50,1.69
2012.04.05 23:19:42.205,1.45609,1.45683,2.37,1.69
2012.04.05 23:20:13.679,1.45618,1.45682,2.18,1.13
2012.04.05 23:20:13.748,1.45618,1.45677,2.18,1.13
2012.04.05 23:20:19.806,1.45614,1.45677,2.18,1.69
2012.04.05 23:20:23.865,1.45612,1.45677,2.18,1.88
2012.04.05 23:20:27.384,1.45611,1.45677,2.18,1.69
2012.04.05 23:20:44.141,1.45611,1.45678,2.18,1.13
2012.04.05 23:20:46.699,1.45611,1.45679,2.18,1.13
2012.04.05 23:20:47.617,1.45611,1.45681,2.18,1.13
2012.04.05 23:20:47.753,1.45612,1.45678,2.18,1.69
2012.04.05 23:21:08.252,1.45612,1.45681,2.18,1.13
2012.04.05 23:21:13.139,1.45612,1.45682,2.18,1.13
2012.04.05 23:21:19.387,1.45612,1.45683,2.18,1.50
2012.04.05 23:21:26.739,1.45614,1.45681,2.18,1.13
2012.04.05 23:21:35.459,1.45609,1.45678,2.18,1.13
2012.04.05 23:21:35.967,1.45614,1.45679,2.18,1.13
2012.04.05 23:21:42.980,1.45614,1.4568,2.18,1.13
2012.04.05 23:21:46.049,1.45614,1.45679,2.18,1.13
2012.04.05 23:22:01.020,1.45614,1.4568,2.18,1.13
2012.04.05 23:22:05.578,1.45614,1.45679,2.18,1.13
2012.04.05 23:22:18.105,1.45614,1.4568,2.18,1.13
2012.04.05 23:22:23.026,1.45614,1.45679,2.18,1.13
2012.04.05 23:22:26.377,1.45614,1.4568,2.18,1.13
2012.04.05 23:22:35.500,1.45614,1.45687,1.43,1.50
2012.04.05 23:22:44.208,1.45614,1.4568,2.18,1.13
2012.04.05 23:22:45.566,1.45614,1.45682,2.18,1.13
2012.04.05 23:22:49.809,1.45614,1.45681,2.18,1.13
2012.04.05 23:22:50.012,1.45614,1.45686,2.18,1.13
2012.04.05 23:22:50.210,1.45616,1.45682,1.50,1.69
2012.04.05 23:22:50.469,1.45615,1.45679,1.50,1.69
2012.04.05 23:22:50.799,1.45611,1.45677,2.18,1.69
2012.04.05 23:22:51.179,1.45612,1.45677,2.18,1.69
2012.04.05 23:22:53.920,1.45612,1.45679,2.18,1.69
2012.04.05 23:22:54.319,1.45611,1.45677,2.18,1.69
2012.04.05 23:22:57.558,1.45611,1.45678,2.37,1.69
2012.04.05 23:22:57.910,1.45616,1.45684,1.50,1.69
2012.04.05 23:22:59.059,1.45616,1.45684,1.50,1.88
2012.04.05 23:23:01.816,1.45616,1.45682,1.50,1.13
2012.04.05 23:23:03.965,1.45618,1.45679,1.50,1.69
2012.04.05 23:23:04.040,1.45618,1.45683,1.50,1.69
2012.04.05 23:23:04.394,1.45616,1.45684,1.50,1.69
2012.04.05 23:23:05.569,1.45616,1.45684,1.50,1.69
2012.04.05 23:23:07.379,1.45616,1.45684,1.69,1.50
2012.04.05 23:23:08.194,1.45617,1.45693,1.69,1.92
2012.04.05 23:23:08.413,1.45611,1.45688,2.37,1.69
2012.04.05 23:23:10.687,1.45611,1.45688,2.37,1.69
2012.04.05 23:23:11.368,1.45615,1.45688,2.37,1.69
2012.04.05 23:23:11.813,1.45617,1.45689,1.69,1.69
2012.04.05 23:23:12.207,1.45617,1.45689,1.69,1.69
2012.04.05 23:23:14.019,1.45617,1.45689,1.69,1.69
2012.04.05 23:23:14.162,1.45617,1.45689,1.69,1.69
2012.04.05 23:23:14.242,1.45617,1.45689,1.69,1.50
2012.04.05 23:23:14.877,1.45617,1.45689,1.69,1.50
2012.04.05 23:23:14.964,1.45617,1.45689,1.69,1.69
2012.04.05 23:23:16.109,1.45616,1.45689,1.69,2.07
2012.04.05 23:23:17.467,1.45616,1.45687,1.50,1.13
2012.04.05 23:23:18.211,1.45612,1.45684,2.18,1.69
2012.04.05 23:23:19.113,1.45614,1.45689,1.35,2.25
2012.04.05 23:23:20.456,1.45635,1.45689,2.18,1.69
2012.04.05 23:23:22.221,1.45635,1.45688,2.18,1.13
2012.04.05 23:23:23.077,1.45618,1.45689,2.18,1.69
2012.04.05 23:23:23.537,1.45622,1.45694,1.69,1.69
2012.04.05 23:23:29.459,1.45622,1.45694,1.88,1.50
2012.04.05 23:23:29.813,1.45619,1.45692,1.13,1.73
2012.04.05 23:23:30.190,1.45617,1.45691,1.69,1.69
2012.04.05 23:23:30.455,1.45617,1.45691,1.88,1.50
2012.04.05 23:23:31.650,1.45621,1.45695,1.69,1.50
2012.04.05 23:23:32.438,1.45621,1.45695,1.69,1.50
2012.04.05 23:23:44.388,1.45621,1.45695,1.50,1.69
2012.04.05 23:23:45.387,1.45621,1.45695,1.50,1.69
2012.04.05 23:23:45.459,1.45621,1.45695,1.50,1.69
2012.04.05 23:23:47.332,1.45621,1.45695,1.69,1.69
2012.04.05 23:23:47.489,1.45621,1.45695,1.69,1.69
2012.04.05 23:23:54.492,1.45622,1.45694,1.69,1.69
2012.04.05 23:23:54.562,1.45622,1.45694,1.69,1.69
2012.04.05 23:23:55.150,1.45622,1.45694,3.12,1.69
2012.04.05 23:24:05.463,1.45625,1.45694,2.18,1.69
2012.04.05 23:24:06.020,1.45612,1.4569,1.69,1.88
2012.04.05 23:24:06.152,1.45612,1.4569,1.69,1.88
2012.04.05 23:24:06.479,1.45612,1.4569,1.69,1.88
2012.04.05 23:24:12.858,1.45612,1.4569,1.69,1.69
2012.04.05 23:24:14.063,1.45612,1.4569,1.69,1.69
2012.04.05 23:24:14.135,1.45612,1.4569,1.69,1.69
2012.04.05 23:24:27.538,1.45612,1.4569,1.69,1.50
2012.04.05 23:24:27.747,1.45612,1.4569,1.69,1.50
2012.04.05 23:24:27.964,1.45612,1.4569,1.69,1.50
2012.04.05 23:24:28.926,1.45612,1.4569,1.69,1.50
2012.04.05 23:24:29.059,1.45612,1.4569,1.69,1.50
2012.04.05 23:24:29.400,1.45614,1.4569,2.37,1.50
2012.04.05 23:25:00.762,1.4562,1.45694,1.32,1.50
2012.04.05 23:25:13.726,1.45625,1.45699,2.37,1.69
2012.04.05 23:25:21.031,1.45625,1.45694,2.18,1.50
2012.04.05 23:25:21.786,1.45625,1.45694,2.18,1.69
2012.04.05 23:26:21.776,1.45625,1.45699,1.62,1.13
2012.04.05 23:26:54.080,1.45625,1.45698,1.43,1.13
2012.04.05 23:27:02.819,1.45625,1.45699,1.43,1.13
2012.04.05 23:27:05.667,1.45625,1.45698,1.43,1.13
2012.04.05 23:27:12.194,1.45625,1.45699,1.43,1.13
2012.04.05 23:27:24.997,1.45625,1.45702,1.43,1.13
2012.04.05 23:27:31.945,1.45625,1.45701,1.43,1.13
2012.04.05 23:28:09.118,1.45625,1.45702,1.43,1.13
2012.04.05 23:28:25.105,1.45625,1.45703,1.43,2.63
2012.04.05 23:28:32.328,1.45625,1.45701,1.43,1.13
2012.04.05 23:28:35.729,1.45625,1.45703,1.43,2.63
2012.04.05 23:28:35.929,1.45625,1.45698,2.18,1.13
2012.04.05 23:28:36.249,1.45626,1.45699,2.18,1.13
2012.04.05 23:28:36.324,1.45626,1.45698,2.18,1.13
2012.04.05 23:28:37.152,1.45626,1.45698,2.18,1.13
2012.04.05 23:28:45.112,1.45626,1.457,2.93,1.88
2012.04.05 23:28:56.327,1.45635,1.45699,1.50,1.69
2012.04.05 23:29:38.631,1.45635,1.45699,1.50,1.69
2012.04.05 23:29:39.121,1.45628,1.457,1.50,1.88
2012.04.05 23:29:39.516,1.45628,1.45698,1.50,1.13
2012.04.05 23:29:43.003,1.45628,1.45698,1.50,1.13
2012.04.05 23:29:43.080,1.45628,1.457,1.69,1.69
2012.04.05 23:29:43.224,1.45628,1.45704,1.69,2.12
2012.04.05 23:29:43.359,1.45628,1.45704,1.69,1.93
2012.04.05 23:29:43.898,1.45636,1.45704,1.50,1.18
2012.04.05 23:29:46.741,1.45636,1.45704,1.50,1.18
2012.04.05 23:29:52.518,1.45636,1.45705,1.50,1.69
2012.04.05 23:30:23.618,1.45636,1.45705,1.50,1.69
2012.04.05 23:30:23.915,1.45632,1.45705,1.69,1.69
2012.04.05 23:30:24.581,1.45636,1.45705,1.50,1.69
2012.04.05 23:30:29.129,1.45629,1.45694,1.50,1.50
2012.04.05 23:30:59.218,1.45632,1.45692,1.69,1.50
2012.04.05 23:31:01.607,1.45627,1.45693,1.69,1.50
2012.04.05 23:31:04.930,1.45632,1.45692,1.69,1.50
2012.04.05 23:31:08.312,1.4563,1.45692,1.69,1.50
2012.04.05 23:31:15.348,1.45627,1.45692,1.69,1.50
2012.04.05 23:31:15.872,1.45627,1.45692,1.69,1.50
2012.04.05 23:31:21.588,1.45627,1.45693,1.69,1.50
2012.04.05 23:31:21.817,1.45627,1.45693,1.69,1.50
2012.04.05 23:31:29.917,1.45627,1.45692,1.50,1.50
2012.04.05 23:31:30.239,1.4563,1.457,1.13,2.25
2012.04.05 23:31:30.780,1.45631,1.45703,3.12,1.50
2012.04.05 23:31:33.172,1.45631,1.45703,3.30,1.50
2012.04.05 23:31:39.634,1.45631,1.45699,1.69,1.50
2012.04.05 23:31:39.768,1.45628,1.45699,1.13,1.50
2012.04.05 23:31:41.881,1.45627,1.45699,1.69,1.50
2012.04.05 23:31:42.628,1.45627,1.45699,1.69,1.50
2012.04.05 23:31:56.178,1.45627,1.45699,1.69,1.50
2012.04.05 23:31:56.249,1.45622,1.45699,3.12,1.50
2012.04.05 23:31:57.931,1.45629,1.45699,1.13,1.50
2012.04.05 23:31:58.394,1.45632,1.45699,1.69,1.50
2012.04.05 23:32:06.851,1.45632,1.45699,1.69,1.50
2012.04.05 23:32:07.425,1.45629,1.45684,1.50,1.02
2012.04.05 23:32:07.534,1.45619,1.4568,2.25,1.50
2012.04.05 23:32:07.814,1.45619,1.45679,1.50,1.50
2012.04.05 23:32:08.208,1.45616,1.45684,1.69,1.50
2012.04.05 23:32:08.729,1.45616,1.45684,1.69,1.50
2012.04.05 23:32:19.689,1.45616,1.45684,1.69,1.69
2012.04.05 23:32:21.470,1.45616,1.45684,1.69,1.69
2012.04.05 23:32:41.748,1.45608,1.45666,2.18,1.77
2012.04.05 23:32:41.968,1.45611,1.45666,1.69,2.25
2012.04.05 23:32:42.160,1.45611,1.45679,1.69,1.50
2012.04.05 23:32:42.299,1.45612,1.45679,1.13,1.50
2012.04.05 23:32:42.681,1.45612,1.45679,1.13,2.25
2012.04.05 23:32:42.989,1.45612,1.45676,1.13,1.50
2012.04.05 23:32:43.469,1.4562,1.45676,1.69,1.50
2012.04.05 23:32:44.124,1.4562,1.45676,1.50,1.50
2012.04.05 23:32:44.916,1.4562,1.4566,1.50,1.13
2012.04.05 23:32:45.135,1.45602,1.45652,1.50,1.01
2012.04.05 23:32:45.352,1.45599,1.45642,1.50,1.01
2012.04.05 23:32:45.423,1.45599,1.45643,2.25,1.01
2012.04.05 23:32:45.643,1.45595,1.45642,1.50,1.01
2012.04.05 23:32:46.350,1.45592,1.45642,1.50,1.01
2012.04.05 23:32:47.530,1.45592,1.4564,1.50,1.01
2012.04.05 23:32:47.914,1.45589,1.4564,1.50,1.01
2012.04.05 23:32:48.479,1.4559,1.45641,1.50,1.01
2012.04.05 23:32:49.029,1.45583,1.4564,1.50,1.35
2012.04.05 23:32:50.100,1.45583,1.45639,1.50,1.50
2012.04.05 23:32:50.174,1.45583,1.4564,1.50,1.35
2012.04.05 23:32:52.314,1.45585,1.4564,1.50,1.35
2012.04.05 23:32:52.837,1.45585,1.45636,1.50,1.50
2012.04.05 23:32:55.059,1.45585,1.45636,1.50,1.50
2012.04.05 23:32:57.371,1.45584,1.45636,1.50,1.50
2012.04.05 23:32:59.800,1.45582,1.45636,1.50,1.50
2012.04.05 23:32:59.874,1.45582,1.45636,1.50,1.50
2012.04.05 23:33:00.089,1.45578,1.45636,1.50,1.50
2012.04.05 23:33:01.111,1.45578,1.45636,1.50,1.50
2012.04.05 23:33:02.100,1.45578,1.45636,1.50,1.50
2012.04.05 23:33:03.159,1.45578,1.45636,1.50,1.50
2012.04.05 23:33:03.658,1.45582,1.45636,1.50,1.50
2012.04.05 23:33:07.357,1.45582,1.45636,1.50,1.50
2012.04.05 23:33:07.490,1.45582,1.45636,1.50,1.50
2012.04.05 23:33:07.982,1.45584,1.4564,1.50,1.09
2012.04.05 23:33:08.052,1.45584,1.4564,1.50,1.09
2012.04.05 23:33:10.084,1.45584,1.45639,1.50,1.50
2012.04.05 23:33:13.354,1.45583,1.45639,1.50,1.50
2012.04.05 23:33:14.077,1.45585,1.45639,1.50,1.50
2012.04.05 23:33:15.119,1.45585,1.45639,1.50,1.50
2012.04.05 23:33:17.349,1.45585,1.4564,1.50,1.09
2012.04.05 23:33:19.150,1.45585,1.45638,1.50,1.50
2012.04.05 23:33:20.139,1.45585,1.45634,1.50,1.50
2012.04.05 23:34:12.111,1.45585,1.45633,1.50,1.50
2012.04.05 23:34:18.569,1.4558,1.45641,2.18,1.13
2012.04.05 23:34:21.319,1.4558,1.45644,2.18,1.13
2012.04.05 23:34:25.443,1.45581,1.45646,1.32,1.39
2012.04.05 23:34:25.528,1.45589,1.45644,2.18,1.01
2012.04.05 23:34:25.602,1.45589,1.45643,2.18,1.50
2012.04.05 23:34:25.948,1.45586,1.45641,1.50,1.50
2012.04.05 23:34:27.072,1.45586,1.45634,1.50,1.50
2012.04.05 23:34:28.178,1.45586,1.45634,1.50,1.50
2012.04.05 23:34:32.197,1.45586,1.45634,1.50,1.50
2012.04.05 23:34:33.131,1.45586,1.45634,1.50,1.50
2012.04.05 23:34:33.961,1.45589,1.45634,1.50,1.50
2012.04.05 23:34:34.149,1.45589,1.45634,1.50,1.50
2012.04.05 23:34:37.689,1.45589,1.45634,1.50,1.50
2012.04.05 23:34:39.120,1.45587,1.4563,1.50,1.50
2012.04.05 23:34:57.589,1.4559,1.45634,1.50,1.50
2012.04.05 23:34:57.723,1.45587,1.45634,1.50,1.50
2012.04.05 23:34:57.942,1.45589,1.45634,1.50,1.50
2012.04.05 23:34:58.199,1.45586,1.45634,1.50,1.50
2012.04.05 23:35:13.367,1.45586,1.45634,1.50,1.50
2012.04.05 23:35:19.463,1.45579,1.45634,1.50,1.88
2012.04.05 23:35:51.390,1.45579,1.45634,1.50,1.50
2012.04.05 23:35:51.519,1.4558,1.45634,1.50,1.50
2012.04.05 23:35:55.671,1.4558,1.45635,1.50,1.69
2012.04.05 23:35:55.989,1.4558,1.45628,1.50,1.50
2012.04.05 23:36:02.469,1.4558,1.45629,1.50,1.13
2012.04.05 23:36:02.999,1.45583,1.45632,1.50,1.32
2012.04.05 23:36:03.490,1.45582,1.45628,1.50,1.50
2012.04.05 23:36:04.263,1.45576,1.45628,1.50,1.88
2012.04.05 23:36:05.016,1.45576,1.45628,1.50,1.13
2012.04.05 23:36:05.271,1.45584,1.45634,1.50,1.50
2012.04.05 23:36:06.803,1.4558,1.45634,1.50,1.50
2012.04.05 23:36:06.878,1.4558,1.45628,1.50,1.69
2012.04.05 23:36:07.960,1.45576,1.45627,1.69,1.13
2012.04.05 23:36:08.232,1.4559,1.4563,1.50,1.50
2012.04.05 23:36:08.840,1.45584,1.45627,1.50,1.09
2012.04.05 23:36:09.222,1.45582,1.45627,1.50,1.09
2012.04.05 23:36:09.570,1.45578,1.45627,1.50,1.47
2012.04.05 23:36:10.972,1.45574,1.45627,1.50,1.47
2012.04.05 23:37:09.463,1.45569,1.45628,1.05,1.13
2012.04.05 23:37:11.163,1.45566,1.45631,2.03,1.32
2012.04.05 23:37:14.849,1.45566,1.45631,2.03,1.47
2012.04.05 23:37:19.117,1.45566,1.45631,2.03,1.32
2012.04.05 23:37:24.887,1.45566,1.45631,2.03,1.47
2012.04.05 23:37:33.450,1.45569,1.45628,1.35,1.13
2012.04.05 23:37:33.517,1.45569,1.45628,1.35,1.13
2012.04.05 23:37:41.196,1.45566,1.45628,2.18,1.13
2012.04.05 23:37:44.919,1.45577,1.45631,1.50,1.69
2012.04.05 23:37:45.206,1.45576,1.45633,1.50,1.65
2012.04.05 23:37:45.732,1.45576,1.45634,1.50,1.47
2012.04.05 23:37:46.474,1.45576,1.45635,1.50,1.09
2012.04.05 23:37:46.802,1.45574,1.45635,1.50,1.09
2012.04.05 23:37:48.127,1.45574,1.45635,1.50,1.24
2012.04.05 23:37:48.988,1.45574,1.45635,1.50,1.09
2012.04.05 23:37:49.710,1.45574,1.45635,1.50,1.05
2012.04.05 23:37:50.810,1.45582,1.45636,1.09,1.20
2012.04.05 23:37:51.331,1.45584,1.45636,1.05,1.05
2012.04.05 23:37:51.418,1.45582,1.45648,1.54,1.69
2012.04.05 23:37:51.964,1.45582,1.45648,1.54,1.69
2012.04.05 23:37:53.112,1.45582,1.45648,1.54,1.69
2012.04.05 23:37:53.345,1.45582,1.45645,1.35,1.13
2012.04.05 23:37:53.421,1.45582,1.45645,1.05,1.13
2012.04.05 23:37:53.491,1.45576,1.45645,1.50,1.13
2012.04.05 23:37:53.631,1.45574,1.45645,1.13,1.13
2012.04.05 23:37:53.706,1.45573,1.45641,1.13,1.69
2012.04.05 23:37:53.854,1.45573,1.45641,1.13,1.69
2012.04.05 23:37:54.115,1.45573,1.45641,1.13,1.69
2012.04.05 23:37:55.151,1.45573,1.45641,1.13,1.69
2012.04.05 23:38:25.742,1.45573,1.45641,1.13,1.69
2012.04.05 23:38:25.942,1.45575,1.45641,1.88,1.69
2012.04.05 23:38:28.194,1.45577,1.45648,1.69,1.69
2012.04.05 23:38:28.641,1.45578,1.45648,1.50,1.69
2012.04.05 23:38:43.142,1.45578,1.45645,1.69,2.18
2012.04.05 23:38:44.096,1.45578,1.45645,1.69,2.18
2012.04.05 23:38:48.528,1.45578,1.45645,1.69,2.18
2012.04.05 23:38:49.159,1.45578,1.45645,1.69,2.18
2012.04.05 23:38:54.920,1.45578,1.45645,1.69,2.18
2012.04.05 23:38:56.021,1.45578,1.45645,1.69,2.18
2012.04.05 23:38:57.293,1.45578,1.45645,1.69,2.18
2012.04.05 23:39:02.577,1.45578,1.45648,1.69,1.50
2012.04.05 23:39:05.149,1.45577,1.45648,1.69,1.69
2012.04.05 23:39:11.949,1.45575,1.45641,1.50,1.69
2012.04.05 23:39:47.132,1.45575,1.45648,1.24,1.69
2012.04.05 23:39:47.199,1.45575,1.45648,1.24,1.69
2012.04.05 23:39:47.751,1.45575,1.45649,1.65,1.69
2012.04.05 23:39:49.104,1.45575,1.45648,1.65,1.69
2012.04.05 23:39:50.080,1.45575,1.45648,1.65,1.69
2012.04.05 23:39:55.418,1.45574,1.45648,2.40,1.69
2012.04.05 23:39:55.489,1.45576,1.45648,1.24,1.69
2012.04.05 23:39:55.989,1.45581,1.45651,1.69,2.44
2012.04.05 23:40:55.516,1.45577,1.45651,1.24,1.69
2012.04.05 23:40:56.179,1.45576,1.45662,1.08,1.13
2012.04.05 23:41:18.755,1.45576,1.45662,1.83,1.13
2012.04.05 23:42:01.727,1.45576,1.45656,1.62,1.13
2012.04.05 23:42:09.131,1.45577,1.45656,1.24,1.88
2012.04.05 23:42:09.452,1.45578,1.45656,1.35,1.69
2012.04.05 23:42:09.701,1.45581,1.45656,1.35,1.69
2012.04.05 23:42:10.446,1.45581,1.45656,1.65,1.69
2012.04.05 23:42:10.620,1.45577,1.45656,2.02,1.69
2012.04.05 23:42:11.217,1.45581,1.45656,1.65,1.69
2012.04.05 23:42:11.554,1.45581,1.45656,1.35,1.69
2012.04.05 23:42:12.120,1.45581,1.45656,1.35,1.69
2012.04.05 23:42:12.939,1.45581,1.45656,1.35,1.69
2012.04.05 23:43:12.964,1.4558,1.45648,1.24,1.50
2012.04.05 23:43:24.015,1.45582,1.45648,1.69,2.25
2012.04.05 23:43:26.081,1.45581,1.45643,1.69,1.50
2012.04.05 23:43:27.069,1.45582,1.45643,1.69,1.50
2012.04.05 23:43:32.558,1.45582,1.45643,1.69,1.50
2012.04.05 23:43:35.092,1.4558,1.45644,1.24,1.50
2012.04.05 23:43:37.370,1.4558,1.45644,1.24,1.50
2012.04.05 23:43:56.981,1.4558,1.45644,1.24,1.50
2012.04.05 23:43:57.718,1.45604,1.45662,2.18,1.13
2012.04.05 23:43:57.861,1.45607,1.45663,1.13,1.13
2012.04.05 23:43:58.063,1.45607,1.45662,1.69,1.13
2012.04.05 23:43:58.291,1.45607,1.45662,1.69,1.13
2012.04.05 23:44:13.211,1.45612,1.45662,1.50,1.13
2012.04.05 23:44:13.619,1.45604,1.45658,1.32,1.01
2012.04.05 23:44:13.973,1.45592,1.45655,1.50,1.16
2012.04.05 23:44:14.321,1.45593,1.45651,1.50,1.50
2012.04.05 23:44:15.104,1.45593,1.45651,1.50,1.50
2012.04.05 23:44:16.091,1.45593,1.45651,1.50,1.50
2012.04.05 23:44:17.083,1.45593,1.45651,1.50,1.50
2012.04.05 23:44:19.060,1.45594,1.45649,1.50,1.50
2012.04.05 23:44:29.971,1.45592,1.45649,1.50,1.50
2012.04.05 23:44:30.110,1.45592,1.45649,1.50,1.50
2012.04.05 23:44:30.420,1.45592,1.45642,1.50,1.50
2012.04.05 23:44:30.554,1.4559,1.45641,1.50,1.50
2012.04.05 23:44:30.823,1.45587,1.45641,1.50,1.50
2012.04.05 23:44:30.891,1.45585,1.45641,1.50,1.50
2012.04.05 23:44:53.432,1.45585,1.45643,1.69,1.50
2012.04.05 23:44:53.756,1.45585,1.45643,1.69,1.50
2012.04.05 23:44:55.304,1.45585,1.45643,1.69,1.50
2012.04.05 23:44:55.520,1.45585,1.45643,1.50,1.50
2012.04.05 23:44:55.863,1.45585,1.45643,1.50,1.50
2012.04.05 23:44:55.995,1.45585,1.45643,1.50,1.50
2012.04.05 23:44:56.632,1.45585,1.45643,1.50,1.50
2012.04.05 23:44:57.161,1.45585,1.45643,1.50,1.50
2012.04.05 23:45:00.110,1.45593,1.45643,1.50,1.50
2012.04.05 23:45:00.974,1.45593,1.45646,1.50,1.50
2012.04.05 23:45:04.443,1.45593,1.45646,1.50,1.50
2012.04.05 23:45:22.612,1.45587,1.45646,1.69,1.50
2012.04.05 23:45:23.348,1.45587,1.45646,1.50,3.00
2012.04.05 23:45:25.148,1.45588,1.45643,1.50,1.50
2012.04.05 23:45:26.121,1.45588,1.45642,1.50,1.50
2012.04.05 23:45:27.110,1.45587,1.45642,1.50,1.50
2012.04.05 23:45:27.600,1.45587,1.45642,1.50,1.50
2012.04.05 23:45:27.672,1.45591,1.45644,1.50,1.50
2012.04.05 23:45:28.220,1.45594,1.45648,1.50,1.50
2012.04.05 23:45:28.942,1.45595,1.45648,1.50,1.50
2012.04.05 23:45:29.756,1.45595,1.4565,1.50,1.50
2012.04.05 23:45:38.660,1.45595,1.4565,1.50,1.50
2012.04.05 23:45:38.976,1.45595,1.4565,1.50,1.50
2012.04.05 23:45:39.522,1.45598,1.45655,1.50,1.50
2012.04.05 23:45:39.591,1.45598,1.45655,1.50,1.50
2012.04.05 23:45:40.743,1.45598,1.45655,1.50,1.50
2012.04.05 23:45:40.823,1.45598,1.45653,1.50,1.50
2012.04.05 23:45:40.897,1.45598,1.45653,1.50,1.50
2012.04.05 23:45:41.043,1.45596,1.4565,1.50,1.50
2012.04.05 23:45:41.252,1.45598,1.4565,1.50,1.50
2012.04.05 23:45:41.329,1.45597,1.4565,1.50,1.50
2012.04.05 23:45:41.645,1.45595,1.45649,1.50,1.50
2012.04.05 23:45:42.235,1.45595,1.45652,1.50,1.50
2012.04.05 23:45:44.385,1.45595,1.45652,1.50,1.50
2012.04.05 23:45:48.480,1.45595,1.45652,1.50,1.50
2012.04.05 23:45:48.602,1.45595,1.45652,1.50,1.50
2012.04.05 23:45:48.751,1.45595,1.45648,1.50,1.50
2012.04.05 23:45:49.132,1.45586,1.45644,2.10,1.50
2012.04.05 23:45:49.721,1.45584,1.45643,1.69,1.50
2012.04.05 23:45:56.231,1.45584,1.45641,1.69,1.50
2012.04.05 23:45:56.453,1.45584,1.45638,1.69,1.50
2012.04.05 23:46:10.742,1.45584,1.45641,2.25,1.50
2012.04.05 23:46:10.887,1.45594,1.45645,1.50,1.50
2012.04.05 23:46:36.494,1.45594,1.45652,1.50,1.50
2012.04.05 23:46:48.072,1.45594,1.45652,1.50,1.50
2012.04.05 23:46:50.222,1.45594,1.45652,1.69,1.50
2012.04.05 23:47:10.911,1.45589,1.45652,1.13,1.13
2012.04.05 23:47:16.371,1.45597,1.45652,1.50,1.13
2012.04.05 23:47:50.261,1.45595,1.4565,1.13,1.13
2012.04.05 23:47:52.890,1.45594,1.4565,1.13,1.13
2012.04.05 23:47:59.053,1.45591,1.45649,1.13,1.13
2012.04.05 23:48:01.891,1.45593,1.45649,1.13,1.13
2012.04.05 23:48:07.833,1.45591,1.45649,1.13,1.13
2012.04.05 23:48:16.584,1.45589,1.45656,1.13,1.13
2012.04.05 23:48:19.162,1.45589,1.45656,1.13,1.13
2012.04.05 23:48:22.130,1.45589,1.45656,1.13,1.13
2012.04.05 23:48:36.019,1.45586,1.45656,2.55,1.13
2012.04.05 23:48:37.830,1.4559,1.45654,1.13,1.13
2012.04.05 23:48:41.008,1.4559,1.45654,1.13,1.13
2012.04.05 23:48:41.349,1.4559,1.45654,1.13,1.13
2012.04.05 23:48:41.875,1.45591,1.45654,1.32,1.13
2012.04.05 23:48:44.129,1.45592,1.45656,1.13,1.13
2012.04.05 23:49:00.068,1.45591,1.45656,1.13,1.13
2012.04.05 23:49:05.461,1.45591,1.45654,1.13,1.13
2012.04.05 23:49:17.199,1.45596,1.45657,1.17,1.50
2012.04.05 23:49:17.270,1.456,1.45657,1.13,1.50
2012.04.05 23:49:18.012,1.45604,1.45666,1.69,1.50
2012.04.05 23:49:21.092,1.45601,1.45666,1.69,1.50
2012.04.05 23:49:21.865,1.45602,1.45666,1.13,1.50
2012.04.05 23:49:24.831,1.45603,1.45666,1.13,1.50
2012.04.05 23:49:33.136,1.45602,1.45666,1.13,1.50
2012.04.05 23:49:33.488,1.45599,1.45659,1.13,1.50
2012.04.05 23:49:33.563,1.45598,1.45659,1.13,1.50
2012.04.05 23:49:55.861,1.45599,1.45659,1.88,1.50
2012.04.05 23:49:55.992,1.45602,1.45659,1.50,1.50
2012.04.05 23:49:57.099,1.45604,1.45663,1.13,1.50
2012.04.05 23:50:09.068,1.45603,1.45663,1.13,1.50
2012.04.05 23:50:10.462,1.45598,1.45653,1.13,1.50
2012.04.05 23:50:12.664,1.45596,1.45653,1.69,1.50
2012.04.05 23:50:12.882,1.45593,1.45653,1.69,1.50
2012.04.05 23:50:14.311,1.45593,1.45653,1.69,1.50
2012.04.05 23:50:14.611,1.45593,1.45653,1.88,1.50
2012.04.05 23:50:19.035,1.45596,1.45653,1.13,1.50
2012.04.05 23:50:19.114,1.456,1.45653,1.69,1.50
2012.04.05 23:50:19.673,1.456,1.45653,1.69,1.50
2012.04.05 23:50:19.870,1.45601,1.45653,1.69,1.50
2012.04.05 23:50:37.163,1.45601,1.45653,1.69,1.50
2012.04.05 23:50:40.646,1.45601,1.45653,1.69,1.50
2012.04.05 23:50:51.331,1.45601,1.45653,1.69,1.50
2012.04.05 23:50:52.251,1.45601,1.45653,1.69,1.50
2012.04.05 23:50:52.601,1.45601,1.45653,1.69,1.50
2012.04.05 23:50:55.092,1.45601,1.45653,1.69,1.50
2012.04.05 23:50:59.492,1.45605,1.45656,1.13,1.50
2012.04.05 23:51:00.017,1.45605,1.45653,1.69,1.50
2012.04.05 23:51:30.232,1.45603,1.45653,1.69,1.50
2012.04.05 23:51:59.964,1.45599,1.45655,1.13,1.50
2012.04.05 23:52:13.238,1.45598,1.45655,1.13,1.50
2012.04.05 23:52:15.605,1.45597,1.45655,2.74,1.50
2012.04.05 23:52:30.264,1.45597,1.45664,1.99,1.13
2012.04.05 23:52:34.488,1.45597,1.45664,1.99,1.13
2012.04.05 23:52:49.171,1.45597,1.45664,1.99,1.13
2012.04.05 23:52:52.150,1.45597,1.45664,1.99,1.13
2012.04.05 23:53:03.159,1.45597,1.45665,1.99,1.50
2012.04.05 23:53:13.399,1.45598,1.45663,1.32,1.50
2012.04.05 23:53:19.091,1.45599,1.45663,1.32,1.50
2012.04.05 23:53:20.844,1.45594,1.45664,1.72,2.55
2012.04.05 23:53:21.173,1.4561,1.45655,1.50,1.50
2012.04.05 23:53:21.245,1.45604,1.45655,1.69,1.50
2012.04.05 23:53:21.317,1.45605,1.45655,1.13,1.50
2012.04.05 23:53:21.400,1.45605,1.45674,1.13,1.02
2012.04.05 23:53:21.542,1.45609,1.45674,1.13,1.02
2012.04.05 23:53:21.983,1.45609,1.45676,1.13,1.02
2012.04.05 23:53:22.203,1.45609,1.45683,1.13,2.18
2012.04.05 23:53:22.271,1.45609,1.45683,1.13,2.18
2012.04.05 23:53:24.143,1.45609,1.45681,1.13,1.50
2012.04.05 23:53:26.164,1.45613,1.45683,1.69,2.18
2012.04.05 23:53:26.231,1.45613,1.45681,3.09,1.50
2012.04.05 23:53:26.543,1.45614,1.45684,2.44,2.93
2012.04.05 23:53:28.131,1.45614,1.45681,2.44,1.50
2012.04.05 23:53:29.150,1.45617,1.45683,1.69,1.50
2012.04.05 23:53:29.221,1.45617,1.45681,1.69,1.50
2012.04.05 23:53:35.765,1.45626,1.45681,1.69,1.50
2012.04.05 23:53:36.105,1.45616,1.45677,1.69,1.50
2012.04.05 23:53:36.224,1.45616,1.45679,1.69,1.50
2012.04.05 23:53:41.415,1.45623,1.45681,1.50,1.50
2012.04.05 23:53:41.721,1.45633,1.45679,2.90,1.50
2012.04.05 23:53:41.862,1.45619,1.45673,1.35,1.50
2012.04.05 23:53:45.646,1.45612,1.45673,1.50,2.25
2012.04.05 23:53:47.932,1.45614,1.45673,1.69,1.50
2012.04.05 23:53:48.371,1.45626,1.45681,1.50,1.50
2012.04.05 23:53:50.476,1.45617,1.45674,1.50,1.50
2012.04.05 23:53:50.742,1.45617,1.45673,1.50,1.50
2012.04.05 23:53:50.814,1.45615,1.45673,1.50,1.50
2012.04.05 23:53:57.714,1.45615,1.45675,1.69,1.50
2012.04.05 23:53:58.042,1.45621,1.45679,1.50,1.50
2012.04.05 23:53:59.363,1.45614,1.45674,1.69,1.50
2012.04.05 23:54:03.011,1.45614,1.45674,3.46,1.50
2012.04.05 23:54:04.161,1.45616,1.45674,1.69,1.50
2012.04.05 23:54:13.415,1.45617,1.45676,1.50,1.50
2012.04.05 23:54:13.483,1.45615,1.45673,1.50,1.50
2012.04.05 23:54:13.552,1.45614,1.45668,1.50,1.50
2012.04.05 23:54:13.823,1.45612,1.45668,1.84,1.50
2012.04.05 23:54:15.103,1.45614,1.45669,1.50,1.50
2012.04.05 23:54:16.142,1.45614,1.45666,1.50,1.50
2012.04.05 23:54:20.233,1.45614,1.45668,1.50,1.50
2012.04.05 23:54:20.372,1.45617,1.45669,1.69,1.50
2012.04.05 23:54:20.875,1.45619,1.45673,1.50,1.50
2012.04.05 23:55:07.050,1.45622,1.45673,1.50,1.50
2012.04.05 23:55:07.420,1.45622,1.45675,1.50,1.50
2012.04.05 23:55:21.094,1.45616,1.45682,1.24,1.50
2012.04.05 23:55:44.677,1.45616,1.45675,1.99,1.50
2012.04.05 23:55:45.814,1.45616,1.45675,1.24,1.50
2012.04.05 23:55:56.853,1.45616,1.45675,1.24,1.50
2012.04.05 23:55:58.212,1.45616,1.45675,1.24,1.50
2012.04.05 23:55:59.975,1.45616,1.45675,1.24,1.50
2012.04.05 23:56:00.052,1.45616,1.45675,1.24,1.50
2012.04.05 23:56:00.639,1.45616,1.45675,1.24,1.50
2012.04.05 23:56:01.553,1.45616,1.45675,1.24,1.50
2012.04.05 23:56:01.950,1.45616,1.45671,1.24,1.50
2012.04.05 23:56:10.448,1.45623,1.45671,1.05,1.50
2012.04.05 23:56:11.043,1.45615,1.45671,1.17,1.50
2012.04.05 23:56:18.323,1.45614,1.45676,1.92,1.50
2012.04.05 23:56:30.630,1.45615,1.45676,1.17,1.50
2012.04.05 23:56:31.623,1.45615,1.45676,1.17,1.50
2012.04.05 23:56:58.709,1.45614,1.45676,1.92,1.50
2012.04.05 23:56:58.906,1.45614,1.45676,1.17,1.50
2012.04.05 23:56:59.063,1.45614,1.45676,2.00,1.50
2012.04.05 23:56:59.217,1.45613,1.45674,1.13,1.69
2012.04.05 23:56:59.521,1.45606,1.45668,1.16,1.69
2012.04.05 23:56:59.954,1.45606,1.45667,1.17,1.50
2012.04.05 23:57:01.062,1.45607,1.45672,1.17,1.50
2012.04.05 23:57:03.022,1.45607,1.45666,1.17,1.50
2012.04.05 23:57:03.677,1.45607,1.45666,1.17,1.50
2012.04.05 23:57:03.834,1.45607,1.45666,1.17,1.50
2012.04.05 23:57:05.352,1.45607,1.45666,1.17,1.50
2012.04.05 23:57:16.061,1.45607,1.45666,1.24,1.50
2012.04.05 23:58:00.753,1.45607,1.4567,1.05,1.50
2012.04.05 23:58:04.441,1.45607,1.45666,1.05,1.50
2012.04.05 23:58:05.678,1.45605,1.45671,1.24,1.69
2012.04.05 23:58:24.591,1.456,1.45666,1.24,1.50
2012.04.05 23:58:24.840,1.456,1.45662,1.24,2.18
2012.04.05 23:58:29.101,1.45605,1.45658,1.50,1.50
2012.04.05 23:58:29.564,1.45608,1.45658,1.13,1.50
2012.04.05 23:58:29.778,1.45622,1.4568,1.50,1.85
2012.04.05 23:58:30.387,1.45622,1.45683,1.50,1.50
2012.04.05 23:58:30.456,1.45624,1.45688,1.16,2.44
2012.04.05 23:58:31.126,1.4563,1.45688,1.50,1.69
2012.04.05 23:58:31.561,1.4563,1.45688,1.50,1.69
2012.04.05 23:58:32.221,1.4563,1.45688,1.50,2.44
2012.04.05 23:58:32.361,1.45624,1.45684,1.16,1.50
2012.04.05 23:58:32.645,1.45617,1.45684,1.09,2.49
2012.04.05 23:58:32.714,1.45617,1.45681,1.09,1.50
2012.04.05 23:58:34.952,1.45616,1.45682,1.69,2.18
2012.04.05 23:58:35.025,1.45622,1.45681,1.50,1.50
2012.04.05 23:58:40.611,1.45625,1.45682,1.50,2.18
2012.04.05 23:58:42.906,1.45621,1.45681,1.69,1.50
2012.04.05 23:58:44.151,1.45625,1.45683,1.50,2.93
2012.04.05 23:58:45.936,1.45622,1.45681,1.50,1.50
2012.04.05 23:58:47.086,1.45625,1.45681,1.50,1.50
2012.04.05 23:58:48.112,1.45625,1.45682,1.50,2.18
2012.04.05 23:58:51.106,1.45625,1.45681,1.50,1.50
2012.04.05 23:58:51.672,1.45625,1.45682,1.50,2.18
2012.04.05 23:58:53.133,1.45625,1.45681,1.50,1.50
2012.04.05 23:58:54.072,1.45625,1.45682,1.50,2.18
2012.04.05 23:58:59.150,1.45625,1.45683,1.50,2.93
2012.04.05 23:59:05.139,1.45614,1.45677,1.32,1.13
2012.04.05 23:59:05.602,1.45603,1.45656,1.50,1.43
2012.04.05 23:59:05.684,1.45596,1.45656,1.09,2.18
2012.04.05 23:59:06.717,1.45598,1.45663,1.09,1.50
2012.04.05 23:59:06.870,1.45597,1.45666,1.09,2.18
2012.04.05 23:59:07.089,1.45603,1.45666,1.50,1.43
2012.04.05 23:59:07.166,1.45605,1.4567,1.69,2.18
2012.04.05 23:59:07.751,1.45607,1.4566,1.58,1.43
2012.04.05 23:59:07.834,1.456,1.45656,1.92,1.43
2012.04.05 23:59:07.905,1.456,1.45656,1.92,1.43
2012.04.05 23:59:08.853,1.45597,1.45656,1.09,1.43
2012.04.05 23:59:09.192,1.45597,1.45656,1.09,2.18
2012.04.05 23:59:10.822,1.45605,1.45656,1.28,1.43
2012.04.05 23:59:10.895,1.45605,1.45667,1.69,2.18
2012.04.05 23:59:10.976,1.45612,1.45667,1.13,1.43
2012.04.05 23:59:11.055,1.45616,1.45685,1.69,1.10
2012.04.05 23:59:19.811,1.45616,1.45689,1.92,1.69
2012.04.05 23:59:39.603,1.45617,1.45684,1.17,1.50
2012.04.05 23:59:40.302,1.45617,1.45684,1.17,1.50
2012.04.05 23:59:40.445,1.45618,1.45688,1.17,1.69
2012.04.05 23:59:44.972,1.45618,1.45693,1.17,1.69
2012.04.05 23:59:45.487,1.45621,1.45689,1.99,1.50
2012.04.05 23:59:45.621,1.45621,1.45687,1.99,1.32
2012.04.05 23:59:46.451,1.45625,1.45686,1.50,1.13
2012.04.05 23:59:46.782,1.45626,1.45686,1.50,1.13
2012.04.05 23:59:47.254,1.45625,1.45685,1.50,1.99
2012.04.05 23:59:47.794,1.45616,1.45684,1.50,1.69
2012.04.05 23:59:51.131,1.45621,1.45683,1.50,1.69
2012.04.05 23:59:51.705,1.45616,1.45683,1.69,1.69
2012.04.05 23:59:52.161,1.45616,1.45678,1.69,1.50
