2011.01.11 19:00:00.870,1.52342,1.52373,1.50,1.65
2011.01.11 19:00:01.439,1.52342,1.52373,1.50,1.58
2011.01.11 19:00:02.544,1.52338,1.52363,1.69,1.13
2011.01.11 19:00:02.912,1.52338,1.5236,1.69,1.13
2011.01.11 19:00:03.752,1.52338,1.5236,1.50,1.13
2011.01.11 19:00:04.600,1.52337,1.52359,1.50,1.13
2011.01.11 19:00:05.192,1.52307,1.52338,1.50,1.13
2011.01.11 19:00:06.088,1.52307,1.52334,1.50,1.13
2011.01.11 19:00:06.312,1.52307,1.52336,1.50,1.13
2011.01.11 19:00:07.032,1.52307,1.52336,1.50,1.32
2011.01.11 19:00:08.540,1.52307,1.52336,1.50,1.39
2011.01.11 19:00:09.228,1.52307,1.52336,1.50,1.20
2011.01.11 19:00:09.349,1.52307,1.52336,1.50,1.13
2011.01.11 19:00:09.893,1.52307,1.5234,1.50,1.20
2011.01.11 19:00:12.310,1.52307,1.5234,1.50,1.28
2011.01.11 19:00:17.052,1.52307,1.52338,3.00,1.13
2011.01.11 19:00:17.179,1.52307,1.52343,3.00,1.50
2011.01.11 19:00:17.511,1.52307,1.5234,1.50,1.13
2011.01.11 19:00:17.852,1.52307,1.52332,1.50,1.13
2011.01.11 19:00:18.752,1.52307,1.52334,1.50,1.13
2011.01.11 19:00:20.023,1.52307,1.52332,1.50,1.13
2011.01.11 19:00:20.431,1.52307,1.5233,1.50,1.13
2011.01.11 19:00:21.212,1.52307,1.52328,1.50,1.13
2011.01.11 19:00:21.553,1.52307,1.52323,1.50,1.13
2011.01.11 19:00:22.120,1.52296,1.52318,1.50,1.13
2011.01.11 19:00:23.603,1.52296,1.5232,1.50,1.13
2011.01.11 19:00:24.179,1.52296,1.52329,1.50,1.13
2011.01.11 19:00:24.352,1.52296,1.52325,1.50,1.13
2011.01.11 19:00:24.911,1.52296,1.52321,1.50,1.13
2011.01.11 19:00:25.471,1.52296,1.52318,1.50,1.13
2011.01.11 19:00:25.821,1.52296,1.5232,1.50,1.13
2011.01.11 19:00:26.970,1.52296,1.5233,1.50,1.20
2011.01.11 19:00:27.947,1.52296,1.52327,1.50,1.13
2011.01.11 19:00:29.610,1.52306,1.52327,1.50,1.13
2011.01.11 19:00:31.695,1.52306,1.5233,1.50,1.13
2011.01.11 19:00:31.811,1.52306,1.52334,1.50,1.28
2011.01.11 19:00:31.930,1.52296,1.52334,1.50,2.78
2011.01.11 19:00:32.042,1.52296,1.52325,1.50,1.13
2011.01.11 19:00:32.270,1.52296,1.52327,1.50,1.13
2011.01.11 19:00:32.604,1.52296,1.52324,1.50,1.13
2011.01.11 19:00:33.184,1.52296,1.5232,1.50,1.13
2011.01.11 19:00:35.595,1.52296,1.52321,1.50,1.13
2011.01.11 19:00:36.254,1.52296,1.52328,1.50,1.13
2011.01.11 19:00:36.393,1.52297,1.52332,1.50,1.13
2011.01.11 19:00:36.515,1.52295,1.52323,1.50,1.50
2011.01.11 19:00:37.069,1.52291,1.52323,1.50,1.50
2011.01.11 19:00:37.735,1.52288,1.52323,1.50,2.25
2011.01.11 19:00:38.300,1.52271,1.52309,1.88,2.07
2011.01.11 19:00:38.415,1.52263,1.523,1.50,1.13
2011.01.11 19:00:38.530,1.52267,1.523,1.50,1.13
2011.01.11 19:00:38.870,1.52263,1.52293,1.50,1.50
2011.01.11 19:00:39.670,1.5226,1.52293,1.50,2.63
2011.01.11 19:00:42.020,1.52258,1.52293,1.50,1.50
2011.01.11 19:00:47.393,1.52258,1.52292,1.50,1.13
2011.01.11 19:00:47.950,1.52258,1.52293,1.50,1.50
2011.01.11 19:00:48.879,1.52259,1.52293,1.50,1.50
2011.01.11 19:00:49.591,1.52257,1.52293,1.50,1.50
2011.01.11 19:00:52.021,1.52257,1.52293,1.50,1.58
2011.01.11 19:00:54.267,1.52253,1.52294,1.50,1.58
2011.01.11 19:00:54.403,1.52261,1.52293,1.50,1.50
2011.01.11 19:00:55.008,1.5226,1.52293,1.69,1.50
2011.01.11 19:00:55.460,1.5226,1.52293,1.50,1.50
2011.01.11 19:00:56.241,1.52259,1.52293,1.50,1.50
2011.01.11 19:00:58.663,1.52262,1.52293,1.50,1.50
2011.01.11 19:00:59.015,1.5226,1.52293,1.50,1.50
2011.01.11 19:01:01.310,1.52259,1.52293,1.50,1.50
2011.01.11 19:01:09.142,1.52267,1.523,1.50,1.13
2011.01.11 19:01:09.724,1.52267,1.52299,1.50,1.13
2011.01.11 19:01:10.171,1.5226,1.52293,1.50,1.50
2011.01.11 19:01:10.996,1.52261,1.52293,1.50,1.50
2011.01.11 19:01:11.117,1.52267,1.52301,1.50,1.13
2011.01.11 19:01:12.431,1.52267,1.523,1.50,1.13
2011.01.11 19:01:13.089,1.5226,1.52293,1.50,1.50
2011.01.11 19:01:19.892,1.52258,1.52293,1.50,1.50
2011.01.11 19:01:21.155,1.5226,1.52293,1.50,1.50
2011.01.11 19:01:21.931,1.52257,1.52293,3.00,1.50
2011.01.11 19:01:22.440,1.52258,1.52293,1.50,1.50
2011.01.11 19:01:23.961,1.52259,1.52293,1.50,1.50
2011.01.11 19:01:26.811,1.5226,1.52293,1.50,1.50
2011.01.11 19:01:28.756,1.52266,1.52301,1.50,1.13
2011.01.11 19:01:29.410,1.52266,1.52303,1.50,2.85
2011.01.11 19:01:34.031,1.52266,1.52304,1.69,1.50
2011.01.11 19:01:39.856,1.52266,1.52304,1.50,1.58
2011.01.11 19:01:43.181,1.52266,1.52304,1.50,1.50
2011.01.11 19:01:48.041,1.52266,1.52304,1.50,1.58
2011.01.11 19:01:50.081,1.52266,1.52304,1.50,3.15
2011.01.11 19:01:50.827,1.52266,1.52304,2.44,1.50
2011.01.11 19:01:51.051,1.52266,1.52304,1.69,1.65
2011.01.11 19:01:52.323,1.52266,1.52304,1.69,1.50
2011.01.11 19:01:54.379,1.52266,1.52303,3.19,1.13
2011.01.11 19:01:55.029,1.52266,1.52304,3.19,1.50
2011.01.11 19:01:57.001,1.52266,1.52302,1.50,1.13
2011.01.11 19:02:03.021,1.52266,1.52304,1.50,1.50
2011.01.11 19:02:05.909,1.52266,1.52302,1.50,1.13
2011.01.11 19:02:07.134,1.52266,1.52298,1.50,1.13
2011.01.11 19:02:07.799,1.52266,1.52292,1.50,1.13
2011.01.11 19:02:08.254,1.52266,1.52294,1.50,1.13
2011.01.11 19:02:08.377,1.52266,1.52296,1.50,1.20
2011.01.11 19:02:08.495,1.52266,1.52294,1.50,1.13
2011.01.11 19:02:09.152,1.52267,1.52294,1.50,1.13
2011.01.11 19:02:10.601,1.52267,1.52302,1.50,1.58
2011.01.11 19:02:11.150,1.52267,1.52303,1.50,1.50
2011.01.11 19:02:11.273,1.52267,1.52303,1.69,1.50
2011.01.11 19:02:11.746,1.52276,1.52307,1.50,1.50
2011.01.11 19:02:12.930,1.52276,1.52308,1.50,1.50
2011.01.11 19:02:18.641,1.52276,1.52306,1.50,1.13
2011.01.11 19:02:21.400,1.52267,1.52303,1.50,1.50
2011.01.11 19:02:22.734,1.52277,1.52306,1.50,1.13
2011.01.11 19:02:23.072,1.52277,1.5231,1.50,2.70
2011.01.11 19:02:24.700,1.52287,1.5231,1.50,1.13
2011.01.11 19:02:25.262,1.52276,1.52313,1.50,1.50
2011.01.11 19:02:25.495,1.52276,1.5231,1.50,1.13
2011.01.11 19:02:26.232,1.52276,1.52311,1.50,1.13
2011.01.11 19:02:26.357,1.52276,1.52318,1.69,1.20
2011.01.11 19:02:26.476,1.52285,1.52322,1.50,1.95
2011.01.11 19:02:27.171,1.52287,1.52323,1.50,1.50
2011.01.11 19:02:28.415,1.52287,1.52318,1.50,1.13
2011.01.11 19:02:32.655,1.52287,1.52307,1.50,1.13
2011.01.11 19:02:32.781,1.52276,1.52308,1.50,1.13
2011.01.11 19:02:33.221,1.52276,1.52303,1.50,1.13
2011.01.11 19:02:33.929,1.52268,1.52301,1.50,1.13
2011.01.11 19:02:34.040,1.52266,1.52301,3.00,1.13
2011.01.11 19:02:35.173,1.52266,1.523,3.00,1.13
2011.01.11 19:02:35.809,1.52266,1.52299,1.50,1.13
2011.01.11 19:02:37.000,1.52266,1.52296,1.50,1.13
2011.01.11 19:02:37.897,1.52266,1.52297,1.50,1.13
2011.01.11 19:02:38.231,1.52266,1.52295,1.50,1.13
2011.01.11 19:02:38.670,1.52266,1.52299,1.50,1.20
2011.01.11 19:02:41.791,1.52266,1.52298,1.50,1.13
2011.01.11 19:02:41.899,1.52266,1.52295,1.50,1.13
2011.01.11 19:02:42.229,1.52266,1.52298,1.50,1.13
2011.01.11 19:02:42.779,1.52266,1.523,1.50,1.95
2011.01.11 19:02:45.110,1.52261,1.52294,1.50,1.50
2011.01.11 19:02:45.441,1.52257,1.52289,1.50,1.13
2011.01.11 19:02:45.771,1.5226,1.52284,1.50,1.50
2011.01.11 19:02:46.555,1.5226,1.52289,1.50,1.13
2011.01.11 19:02:49.440,1.5226,1.52284,1.50,1.50
2011.01.11 19:02:51.282,1.52257,1.52289,1.50,1.13
2011.01.11 19:02:53.331,1.52256,1.52283,1.50,1.50
2011.01.11 19:02:53.561,1.52253,1.52283,1.50,1.50
2011.01.11 19:02:55.122,1.52248,1.52283,1.50,1.50
2011.01.11 19:02:55.242,1.52248,1.52281,1.50,1.13
2011.01.11 19:02:55.362,1.52244,1.52281,1.50,1.20
2011.01.11 19:02:55.857,1.52244,1.52279,1.50,1.13
2011.01.11 19:02:56.181,1.52244,1.52274,1.50,1.50
2011.01.11 19:02:58.533,1.5224,1.52274,1.50,2.63
2011.01.11 19:02:59.312,1.52238,1.52272,1.50,1.13
2011.01.11 19:03:00.581,1.52238,1.52271,1.50,1.13
2011.01.11 19:03:01.253,1.52238,1.52266,1.50,1.13
2011.01.11 19:03:01.852,1.52226,1.52263,1.50,1.13
2011.01.11 19:03:02.083,1.52226,1.52261,3.00,1.13
2011.01.11 19:03:02.779,1.52236,1.52267,1.50,2.03
2011.01.11 19:03:02.891,1.52236,1.52267,1.50,2.03
2011.01.11 19:03:03.715,1.52236,1.52264,1.50,1.20
2011.01.11 19:03:04.566,1.52236,1.52266,1.50,1.20
2011.01.11 19:03:06.345,1.52236,1.52271,1.50,1.20
2011.01.11 19:03:07.232,1.52236,1.52271,1.50,1.20
2011.01.11 19:03:20.801,1.52237,1.5227,1.50,1.20
2011.01.11 19:03:33.553,1.52237,1.52273,1.50,1.58
2011.01.11 19:03:34.671,1.5223,1.52263,1.50,1.50
2011.01.11 19:03:35.526,1.52229,1.52263,1.50,1.50
2011.01.11 19:03:36.831,1.52229,1.52263,1.50,1.50
2011.01.11 19:03:42.343,1.52229,1.52263,1.50,1.58
2011.01.11 19:03:42.692,1.52234,1.52263,1.50,1.50
2011.01.11 19:03:43.512,1.52234,1.52263,1.50,1.50
2011.01.11 19:03:51.999,1.52232,1.52263,1.50,1.50
2011.01.11 19:03:59.826,1.52229,1.52263,1.50,1.50
2011.01.11 19:03:59.945,1.52227,1.52263,3.00,1.50
2011.01.11 19:04:06.749,1.52227,1.5226,1.50,1.13
2011.01.11 19:04:06.863,1.52227,1.52263,1.50,1.50
2011.01.11 19:04:07.986,1.52227,1.52263,1.50,1.58
2011.01.11 19:04:08.642,1.52227,1.52263,1.50,1.65
2011.01.11 19:04:10.292,1.52226,1.52264,1.50,1.58
2011.01.11 19:04:12.563,1.52226,1.5226,1.50,1.13
2011.01.11 19:04:18.644,1.52226,1.5226,1.50,1.20
2011.01.11 19:04:22.439,1.52226,1.5226,1.50,1.20
2011.01.11 19:04:23.821,1.52227,1.5226,1.50,1.20
2011.01.11 19:04:28.220,1.52227,1.52262,1.50,1.84
2011.01.11 19:04:28.550,1.5222,1.52254,1.50,1.50
2011.01.11 19:04:32.321,1.5222,1.52254,1.50,2.52
2011.01.11 19:04:32.436,1.52219,1.52253,1.50,1.69
2011.01.11 19:04:32.549,1.52217,1.52253,1.50,1.69
2011.01.11 19:04:37.980,1.52217,1.5225,1.50,1.13
2011.01.11 19:04:38.420,1.5221,1.52243,1.50,1.50
2011.01.11 19:04:43.769,1.52209,1.52243,1.50,1.50
2011.01.11 19:04:46.161,1.52209,1.52243,1.50,2.33
2011.01.11 19:04:48.444,1.52211,1.52243,1.50,2.33
2011.01.11 19:04:58.254,1.52217,1.52243,1.50,1.50
2011.01.11 19:05:00.279,1.52217,1.52252,1.69,1.58
2011.01.11 19:05:00.393,1.52219,1.52252,1.69,1.20
2011.01.11 19:05:00.980,1.52219,1.52253,1.50,2.33
2011.01.11 19:05:02.734,1.52219,1.52247,1.50,1.20
2011.01.11 19:05:02.857,1.52217,1.52247,1.50,1.20
2011.01.11 19:05:03.974,1.52217,1.52247,1.50,1.20
2011.01.11 19:05:04.742,1.52212,1.52244,1.50,2.33
2011.01.11 19:05:04.864,1.52196,1.5223,1.50,2.89
2011.01.11 19:05:04.982,1.52194,1.5223,1.50,2.89
2011.01.11 19:05:05.102,1.52194,1.52224,1.50,1.50
2011.01.11 19:05:05.443,1.52197,1.52224,1.50,1.50
2011.01.11 19:05:06.112,1.52198,1.5223,1.50,1.20
2011.01.11 19:05:06.900,1.52198,1.52224,1.50,1.50
2011.01.11 19:05:07.698,1.52199,1.52224,1.50,1.50
2011.01.11 19:05:08.361,1.522,1.52224,1.50,1.50
2011.01.11 19:05:08.983,1.52195,1.52224,1.50,1.50
2011.01.11 19:05:09.490,1.52198,1.52224,1.50,1.50
2011.01.11 19:05:09.833,1.522,1.52224,1.50,1.50
2011.01.11 19:05:10.501,1.522,1.52234,1.50,2.33
2011.01.11 19:05:12.331,1.52202,1.52234,1.50,2.33
2011.01.11 19:05:13.816,1.52196,1.52234,1.50,2.33
2011.01.11 19:05:14.366,1.52198,1.52239,1.50,1.95
2011.01.11 19:05:15.154,1.52192,1.52224,1.50,1.50
2011.01.11 19:05:15.501,1.52191,1.52224,1.50,2.33
2011.01.11 19:05:22.092,1.52187,1.52217,1.89,1.13
2011.01.11 19:05:22.433,1.52181,1.52213,1.50,1.58
2011.01.11 19:05:23.530,1.5218,1.52213,1.50,1.58
2011.01.11 19:05:27.599,1.52183,1.52213,1.50,1.58
2011.01.11 19:05:33.934,1.52186,1.52219,1.50,1.20
2011.01.11 19:05:34.050,1.52183,1.52213,1.50,1.58
2011.01.11 19:05:39.032,1.52183,1.52213,1.50,1.50
2011.01.11 19:05:39.153,1.52189,1.52213,1.50,1.50
2011.01.11 19:05:39.829,1.52187,1.52221,1.50,1.02
2011.01.11 19:05:40.600,1.52184,1.52213,1.50,1.50
2011.01.11 19:05:42.110,1.52186,1.52224,1.50,2.33
2011.01.11 19:05:44.961,1.5219,1.52224,1.50,2.33
2011.01.11 19:05:45.072,1.5219,1.52224,1.50,1.58
2011.01.11 19:05:45.679,1.52191,1.52224,1.50,1.58
2011.01.11 19:05:46.020,1.52197,1.52233,1.50,2.33
2011.01.11 19:05:52.624,1.52199,1.52233,1.50,2.70
2011.01.11 19:05:52.855,1.52197,1.52233,1.50,2.33
2011.01.11 19:05:53.448,1.52198,1.52233,1.50,2.33
2011.01.11 19:05:57.253,1.52197,1.52233,1.50,2.70
2011.01.11 19:05:57.595,1.52197,1.52233,1.69,2.33
2011.01.11 19:05:58.246,1.52197,1.52233,1.50,2.70
2011.01.11 19:05:58.374,1.52196,1.52234,3.00,2.70
2011.01.11 19:06:05.910,1.52194,1.52224,1.50,1.50
2011.01.11 19:06:11.692,1.52192,1.52224,1.50,1.58
2011.01.11 19:06:11.921,1.5219,1.52224,1.50,2.70
2011.01.11 19:06:12.370,1.52188,1.52224,1.50,1.58
2011.01.11 19:06:13.390,1.52188,1.52224,1.50,2.33
2011.01.11 19:06:13.722,1.52186,1.52222,1.50,1.02
2011.01.11 19:06:14.061,1.52189,1.52224,1.50,4.95
2011.01.11 19:06:14.281,1.52187,1.52222,1.69,1.95
2011.01.11 19:06:15.722,1.52186,1.5222,1.50,1.20
2011.01.11 19:06:23.602,1.52186,1.5222,1.50,1.39
2011.01.11 19:06:23.725,1.52186,1.52212,1.50,1.20
2011.01.11 19:06:24.281,1.52177,1.52212,1.50,1.20
2011.01.11 19:06:27.604,1.52177,1.52209,1.50,1.13
2011.01.11 19:06:33.151,1.52177,1.52212,1.50,1.20
2011.01.11 19:06:33.940,1.52177,1.52211,1.50,1.13
2011.01.11 19:06:34.482,1.52177,1.5221,1.50,1.13
2011.01.11 19:06:39.644,1.52177,1.52211,1.50,1.13
2011.01.11 19:06:42.829,1.52176,1.52211,1.50,1.13
2011.01.11 19:06:50.082,1.5217,1.52204,1.50,1.50
2011.01.11 19:06:53.901,1.5217,1.52204,1.58,1.50
2011.01.11 19:06:54.644,1.52176,1.52209,1.50,1.95
2011.01.11 19:06:55.162,1.52176,1.52209,3.15,1.95
2011.01.11 19:06:55.933,1.52176,1.52209,3.15,1.95
2011.01.11 19:06:56.057,1.52176,1.52211,3.08,1.02
2011.01.11 19:06:58.000,1.52176,1.52211,3.15,2.14
2011.01.11 19:06:59.366,1.52177,1.52211,1.50,2.14
2011.01.11 19:07:00.631,1.52177,1.52204,1.50,1.69
2011.01.11 19:07:01.181,1.52174,1.52204,1.65,3.19
2011.01.11 19:07:01.731,1.52174,1.52204,1.58,3.19
2011.01.11 19:07:03.250,1.52174,1.52204,1.50,3.19
2011.01.11 19:07:03.703,1.52174,1.52204,1.65,3.00
2011.01.11 19:07:03.933,1.52174,1.52206,4.09,1.13
2011.01.11 19:07:04.463,1.52178,1.52207,1.50,1.88
2011.01.11 19:07:04.591,1.52177,1.52205,1.50,1.77
2011.01.11 19:07:04.702,1.52174,1.52203,1.50,1.69
2011.01.11 19:07:06.764,1.52174,1.52203,1.58,1.69
2011.01.11 19:07:07.101,1.52174,1.52203,1.50,1.69
2011.01.11 19:07:07.715,1.52176,1.52214,1.77,1.50
2011.01.11 19:07:08.599,1.52184,1.52214,1.50,1.50
2011.01.11 19:07:12.744,1.52186,1.52224,1.50,1.50
2011.01.11 19:07:15.691,1.52188,1.52224,1.50,1.50
2011.01.11 19:07:16.266,1.52188,1.52223,1.50,1.69
2011.01.11 19:07:16.385,1.52184,1.52223,1.50,1.69
2011.01.11 19:07:16.610,1.52184,1.52214,1.50,1.50
2011.01.11 19:07:17.778,1.52187,1.52214,1.50,1.50
2011.01.11 19:07:20.709,1.52186,1.52214,1.50,1.50
2011.01.11 19:07:21.310,1.52187,1.52214,1.50,1.50
2011.01.11 19:07:21.906,1.52186,1.52214,1.50,1.50
2011.01.11 19:07:22.246,1.52181,1.52214,1.50,1.50
2011.01.11 19:07:22.362,1.52183,1.52214,1.50,1.50
2011.01.11 19:07:22.590,1.5218,1.52214,1.50,1.50
2011.01.11 19:07:23.546,1.52176,1.52214,3.00,2.44
2011.01.11 19:07:23.893,1.52176,1.52208,1.50,1.02
2011.01.11 19:07:24.014,1.52167,1.52204,1.50,1.69
2011.01.11 19:07:24.584,1.52166,1.52204,3.00,1.69
2011.01.11 19:07:24.713,1.52166,1.52201,1.50,1.02
2011.01.11 19:07:25.054,1.52162,1.52193,1.50,1.50
2011.01.11 19:07:25.592,1.52162,1.52193,1.50,2.44
2011.01.11 19:07:25.724,1.5215,1.52184,1.50,2.44
2011.01.11 19:07:25.847,1.52147,1.52176,1.50,1.32
2011.01.11 19:07:26.390,1.5214,1.52176,1.50,1.20
2011.01.11 19:07:26.523,1.52137,1.52173,1.50,2.33
2011.01.11 19:07:27.190,1.52137,1.52173,1.50,1.50
2011.01.11 19:07:27.654,1.52137,1.52166,1.50,1.13
2011.01.11 19:07:28.216,1.52137,1.52168,1.50,1.13
2011.01.11 19:07:28.664,1.52137,1.52166,1.50,1.13
2011.01.11 19:07:29.336,1.52137,1.52166,1.69,1.13
2011.01.11 19:07:29.458,1.52137,1.52169,1.69,1.13
2011.01.11 19:07:29.681,1.52147,1.52169,1.50,1.13
2011.01.11 19:07:29.901,1.52147,1.52175,1.50,1.20
2011.01.11 19:07:30.801,1.52147,1.5217,1.50,1.13
2011.01.11 19:07:31.255,1.52147,1.52175,1.50,1.20
2011.01.11 19:07:31.811,1.52147,1.52173,1.50,1.13
2011.01.11 19:07:31.926,1.52147,1.52174,1.50,1.13
2011.01.11 19:07:32.813,1.52147,1.52177,1.50,1.13
2011.01.11 19:07:32.943,1.52136,1.52173,1.50,1.02
2011.01.11 19:07:33.783,1.52128,1.52164,1.89,2.89
2011.01.11 19:07:34.477,1.52128,1.52164,3.39,1.58
2011.01.11 19:07:35.006,1.52135,1.52164,1.50,1.58
2011.01.11 19:07:35.131,1.52141,1.52173,1.50,1.50
2011.01.11 19:07:35.253,1.52147,1.52178,1.50,1.95
2011.01.11 19:07:36.721,1.52139,1.52174,1.50,1.58
2011.01.11 19:07:36.843,1.52136,1.52168,1.50,1.13
2011.01.11 19:07:37.401,1.52136,1.52169,1.50,1.20
2011.01.11 19:07:38.831,1.52133,1.52164,1.50,1.50
2011.01.11 19:07:40.142,1.52136,1.52167,1.50,1.13
2011.01.11 19:07:40.372,1.52136,1.52172,1.50,1.95
2011.01.11 19:07:41.903,1.52135,1.52163,1.50,1.50
2011.01.11 19:07:42.824,1.52134,1.52163,1.62,1.50
2011.01.11 19:07:45.804,1.52136,1.52167,1.50,1.13
2011.01.11 19:07:46.363,1.52136,1.52162,1.50,1.13
2011.01.11 19:07:46.483,1.5213,1.52161,1.62,1.13
2011.01.11 19:07:47.289,1.52128,1.52163,1.62,1.50
2011.01.11 19:07:48.090,1.52132,1.52163,1.62,1.50
2011.01.11 19:07:52.601,1.52128,1.52162,1.62,1.13
2011.01.11 19:07:53.234,1.52128,1.52163,1.62,1.50
2011.01.11 19:07:54.222,1.52134,1.52163,1.62,1.50
2011.01.11 19:07:56.063,1.52137,1.52163,1.50,1.50
2011.01.11 19:07:58.537,1.52137,1.52172,3.00,1.95
2011.01.11 19:07:59.340,1.52138,1.52173,1.50,3.45
2011.01.11 19:07:59.465,1.52133,1.52169,1.62,1.50
2011.01.11 19:07:59.992,1.52135,1.52173,1.50,3.00
2011.01.11 19:08:00.114,1.52138,1.52164,1.50,1.50
2011.01.11 19:08:00.224,1.52134,1.52164,1.50,1.50
2011.01.11 19:08:00.563,1.52137,1.52173,3.00,1.50
2011.01.11 19:08:01.149,1.52139,1.52173,1.50,1.50
2011.01.11 19:08:01.396,1.52137,1.52173,3.00,1.50
2011.01.11 19:08:04.672,1.52137,1.52171,1.50,1.13
2011.01.11 19:08:06.192,1.52146,1.52164,1.50,1.13
2011.01.11 19:08:06.321,1.52136,1.52164,1.50,1.13
2011.01.11 19:08:07.227,1.52136,1.52162,1.50,1.13
2011.01.11 19:08:07.350,1.52136,1.52166,1.50,1.13
2011.01.11 19:08:08.576,1.52136,1.52164,1.50,1.13
2011.01.11 19:08:09.134,1.52147,1.52166,1.50,1.13
2011.01.11 19:08:09.363,1.52147,1.52173,1.50,1.20
2011.01.11 19:08:10.001,1.52137,1.52166,1.50,1.13
2011.01.11 19:08:10.553,1.52137,1.52168,1.50,1.13
2011.01.11 19:08:11.701,1.52137,1.52166,1.50,1.13
2011.01.11 19:08:11.811,1.52137,1.52168,1.50,1.13
2011.01.11 19:08:12.421,1.52137,1.52169,1.50,1.13
2011.01.11 19:08:13.524,1.52137,1.52172,1.50,1.95
2011.01.11 19:08:15.885,1.52147,1.52177,1.50,1.95
2011.01.11 19:08:16.331,1.52138,1.52173,1.50,1.58
2011.01.11 19:08:16.882,1.52139,1.52173,1.50,1.58
2011.01.11 19:08:17.002,1.52137,1.52173,3.00,1.58
2011.01.11 19:08:17.341,1.52139,1.52173,1.50,1.58
2011.01.11 19:08:18.380,1.52137,1.52173,3.00,1.58
2011.01.11 19:08:19.040,1.52139,1.52173,1.50,1.50
2011.01.11 19:08:26.065,1.52146,1.5218,1.62,1.95
2011.01.11 19:08:28.591,1.52137,1.52173,3.36,1.50
2011.01.11 19:08:37.633,1.52137,1.52173,1.80,1.50
2011.01.11 19:08:38.192,1.52137,1.52173,3.31,1.50
2011.01.11 19:08:38.751,1.52137,1.52173,3.36,1.50
2011.01.11 19:08:43.680,1.52137,1.52173,3.36,1.58
2011.01.11 19:08:44.280,1.52137,1.52173,1.86,1.50
2011.01.11 19:08:51.413,1.52147,1.52181,1.62,1.88
2011.01.11 19:08:51.541,1.52147,1.52183,1.62,1.58
2011.01.11 19:08:52.093,1.52147,1.52183,1.62,1.58
2011.01.11 19:08:52.650,1.52147,1.52183,1.62,1.50
2011.01.11 19:08:52.762,1.52157,1.52188,1.50,2.33
2011.01.11 19:08:53.673,1.52157,1.5218,1.50,1.13
2011.01.11 19:08:53.901,1.52146,1.5218,1.62,1.13
2011.01.11 19:08:54.406,1.52146,1.5218,1.62,1.95
2011.01.11 19:08:56.726,1.52146,1.52171,1.62,1.13
2011.01.11 19:08:56.845,1.52146,1.52179,1.62,3.45
2011.01.11 19:08:56.966,1.52146,1.52179,1.62,3.45
2011.01.11 19:08:57.562,1.52146,1.52184,1.62,3.45
2011.01.11 19:08:58.628,1.52136,1.52174,1.92,1.50
2011.01.11 19:09:04.162,1.52139,1.52174,1.87,1.50
2011.01.11 19:09:04.460,1.52147,1.52178,1.62,1.28
2011.01.11 19:09:14.916,1.52141,1.52173,1.87,1.50
2011.01.11 19:09:15.700,1.52147,1.52181,1.62,1.95
2011.01.11 19:09:19.428,1.52147,1.5218,1.62,1.13
2011.01.11 19:09:19.870,1.52147,1.52183,1.62,2.82
2011.01.11 19:09:25.481,1.52147,1.52183,1.62,2.63
2011.01.11 19:09:26.031,1.52147,1.52183,1.62,1.50
2011.01.11 19:09:28.650,1.52147,1.52183,1.62,1.50
2011.01.11 19:09:53.334,1.52147,1.52183,1.62,1.50
2011.01.11 19:09:53.566,1.52147,1.5218,1.62,1.13
2011.01.11 19:09:54.683,1.52147,1.52183,1.62,1.84
2011.01.11 19:09:55.639,1.52149,1.52183,1.05,1.50
2011.01.11 19:09:56.361,1.52157,1.52193,1.50,1.50
2011.01.11 19:09:57.327,1.52157,1.52193,2.25,1.50
2011.01.11 19:09:58.118,1.52167,1.522,1.50,1.20
2011.01.11 19:09:59.812,1.52156,1.52192,1.50,1.13
2011.01.11 19:10:00.559,1.52157,1.52192,1.50,1.13
2011.01.11 19:10:00.681,1.52157,1.52186,1.50,1.13
2011.01.11 19:10:01.490,1.52157,1.52193,1.50,2.63
2011.01.11 19:10:03.464,1.52157,1.52192,1.50,1.13
2011.01.11 19:10:04.175,1.52157,1.52191,1.50,1.13
2011.01.11 19:10:04.404,1.52157,1.52187,1.50,1.13
2011.01.11 19:10:05.025,1.52157,1.52184,1.50,1.13
2011.01.11 19:10:05.153,1.52146,1.52184,1.62,2.70
2011.01.11 19:10:06.482,1.52146,1.52184,1.62,1.50
2011.01.11 19:10:07.632,1.52157,1.52193,1.50,3.83
2011.01.11 19:10:08.417,1.52157,1.52193,1.50,3.75
2011.01.11 19:10:09.013,1.52157,1.52193,1.50,1.50
2011.01.11 19:10:09.671,1.52157,1.52193,2.25,1.50
2011.01.11 19:10:10.222,1.52157,1.52193,2.44,1.50
2011.01.11 19:10:11.606,1.52157,1.52193,3.19,1.50
2011.01.11 19:10:11.743,1.52156,1.52188,1.50,1.13
2011.01.11 19:10:12.522,1.52156,1.52185,1.50,1.13
2011.01.11 19:10:12.641,1.52156,1.5219,1.50,1.20
2011.01.11 19:10:12.752,1.52156,1.52188,1.50,1.13
2011.01.11 19:10:13.582,1.52156,1.52188,1.50,1.95
2011.01.11 19:10:13.924,1.52156,1.52178,1.50,1.20
2011.01.11 19:10:14.261,1.52147,1.52176,1.62,1.13
2011.01.11 19:10:15.030,1.52147,1.52177,1.62,1.13
2011.01.11 19:10:16.793,1.52147,1.52183,1.62,3.45
2011.01.11 19:10:17.130,1.52156,1.52183,1.50,1.95
2011.01.11 19:10:23.050,1.52156,1.52191,1.88,2.33
2011.01.11 19:10:25.226,1.52147,1.52183,4.12,2.33
2011.01.11 19:10:25.459,1.52147,1.52181,1.50,2.33
2011.01.11 19:10:25.685,1.52147,1.52181,1.50,2.33
2011.01.11 19:10:26.553,1.52138,1.52173,1.89,1.58
2011.01.11 19:10:27.661,1.52138,1.52173,1.89,2.33
2011.01.11 19:10:29.873,1.52138,1.52173,1.89,1.58
2011.01.11 19:10:43.121,1.52137,1.52173,1.50,2.33
2011.01.11 19:10:43.672,1.52137,1.52171,1.50,1.20
2011.01.11 19:10:44.592,1.52137,1.52171,1.50,4.02
2011.01.11 19:10:45.141,1.52136,1.52171,1.50,4.02
2011.01.11 19:10:48.274,1.52127,1.52164,1.50,2.33
2011.01.11 19:10:48.960,1.52128,1.52164,1.50,2.33
2011.01.11 19:10:49.073,1.52136,1.52174,1.50,2.33
2011.01.11 19:10:49.191,1.52136,1.52174,1.50,2.33
2011.01.11 19:11:05.478,1.52136,1.52174,1.50,2.33
2011.01.11 19:11:05.593,1.52147,1.52183,1.50,3.83
2011.01.11 19:11:07.723,1.52137,1.5218,1.50,2.33
2011.01.11 19:11:08.177,1.52136,1.52174,1.50,2.33
2011.01.11 19:11:11.800,1.52127,1.52166,1.50,2.33
2011.01.11 19:11:11.922,1.52118,1.52154,1.50,1.50
2011.01.11 19:11:12.035,1.52118,1.52154,1.50,2.33
2011.01.11 19:11:13.046,1.52119,1.52154,1.50,2.33
2011.01.11 19:11:13.405,1.52122,1.52154,1.50,2.33
2011.01.11 19:11:14.275,1.5212,1.52154,1.50,2.33
2011.01.11 19:11:14.853,1.52121,1.52154,1.50,2.33
2011.01.11 19:11:14.973,1.52121,1.52154,1.50,2.33
2011.01.11 19:11:15.202,1.52121,1.52154,1.50,1.58
2011.01.11 19:11:16.535,1.52123,1.52154,1.50,1.50
2011.01.11 19:11:16.764,1.5212,1.52154,1.50,1.50
2011.01.11 19:11:16.884,1.52124,1.52154,1.50,1.50
2011.01.11 19:11:20.175,1.52124,1.52163,1.50,2.52
2011.01.11 19:11:20.298,1.52124,1.52163,2.44,1.58
2011.01.11 19:11:21.542,1.52126,1.52164,1.69,1.50
2011.01.11 19:11:21.653,1.52136,1.52171,1.50,1.50
2011.01.11 19:11:22.404,1.52136,1.52171,1.50,1.58
2011.01.11 19:11:23.717,1.52136,1.52174,3.00,3.00
2011.01.11 19:11:23.842,1.52128,1.52174,1.69,3.19
2011.01.11 19:11:23.959,1.52126,1.52169,1.50,1.69
2011.01.11 19:11:24.402,1.52127,1.52163,1.50,1.50
2011.01.11 19:11:26.658,1.52136,1.5217,1.50,1.69
2011.01.11 19:11:28.777,1.52136,1.5217,1.50,1.69
2011.01.11 19:11:29.579,1.52127,1.52163,1.50,1.50
2011.01.11 19:11:30.136,1.52128,1.52163,1.88,1.50
2011.01.11 19:11:30.715,1.52137,1.52173,1.50,1.50
2011.01.11 19:11:31.504,1.52137,1.52173,1.69,1.50
2011.01.11 19:11:32.293,1.52137,1.52173,1.50,1.50
2011.01.11 19:11:32.425,1.52139,1.52173,1.13,1.50
2011.01.11 19:11:33.304,1.52137,1.52173,2.25,1.50
2011.01.11 19:11:34.092,1.52137,1.52173,1.69,1.50
2011.01.11 19:11:36.383,1.52147,1.52183,1.50,3.19
2011.01.11 19:11:43.466,1.52149,1.52183,1.13,1.50
2011.01.11 19:11:44.375,1.52157,1.52192,1.50,2.33
2011.01.11 19:11:46.784,1.52157,1.52192,1.50,2.25
2011.01.11 19:11:47.455,1.52157,1.52192,1.50,1.50
2011.01.11 19:11:51.769,1.52157,1.52193,1.50,1.50
2011.01.11 19:11:57.336,1.52157,1.52187,1.50,1.69
2011.01.11 19:11:57.456,1.52147,1.52181,2.63,1.50
2011.01.11 19:11:57.574,1.52147,1.5218,2.63,1.88
2011.01.11 19:12:00.042,1.52147,1.52179,1.50,1.88
2011.01.11 19:12:00.482,1.52137,1.52173,1.50,1.50
2011.01.11 19:12:07.475,1.52147,1.52178,1.50,1.95
2011.01.11 19:12:08.717,1.52137,1.52171,1.50,1.88
2011.01.11 19:12:09.280,1.52136,1.52168,1.50,1.88
2011.01.11 19:12:14.183,1.52136,1.52174,1.50,4.58
2011.01.11 19:12:19.010,1.52136,1.52174,1.50,4.20
2011.01.11 19:12:23.776,1.52136,1.52171,1.50,1.50
2011.01.11 19:12:24.375,1.52127,1.52163,1.50,1.50
2011.01.11 19:12:26.223,1.52137,1.52171,1.50,1.50
2011.01.11 19:12:29.032,1.52137,1.52171,1.50,1.88
2011.01.11 19:12:33.003,1.52137,1.52171,1.50,1.88
2011.01.11 19:12:38.881,1.52137,1.52171,1.50,1.88
2011.01.11 19:12:41.356,1.52137,1.52173,1.50,3.75
2011.01.11 19:12:42.601,1.52137,1.52167,1.50,1.02
2011.01.11 19:12:42.717,1.52119,1.52154,2.25,1.50
2011.01.11 19:12:44.338,1.52118,1.52151,1.13,1.02
2011.01.11 19:12:44.455,1.52109,1.52149,1.88,2.52
2011.01.11 19:12:44.574,1.52108,1.52139,1.13,1.20
2011.01.11 19:12:45.163,1.52103,1.52133,1.50,2.25
2011.01.11 19:12:45.283,1.52092,1.52124,1.13,1.50
2011.01.11 19:12:45.404,1.52095,1.52124,1.50,1.50
2011.01.11 19:12:45.635,1.5209,1.52124,2.25,1.50
2011.01.11 19:12:46.382,1.52094,1.52124,1.13,1.50
2011.01.11 19:12:47.041,1.52096,1.52134,2.25,6.45
2011.01.11 19:12:47.265,1.52098,1.52134,1.13,2.25
2011.01.11 19:12:47.604,1.52102,1.52134,1.88,2.25
2011.01.11 19:12:47.946,1.52102,1.52134,3.19,2.25
2011.01.11 19:12:48.283,1.52107,1.52143,2.25,2.25
2011.01.11 19:12:49.183,1.52097,1.52133,3.00,1.88
2011.01.11 19:12:49.302,1.52097,1.52133,3.00,1.88
2011.01.11 19:12:51.020,1.52106,1.52142,1.50,2.89
2011.01.11 19:12:51.992,1.52106,1.52142,1.50,2.70
2011.01.11 19:12:52.796,1.52106,1.52142,1.50,2.70
2011.01.11 19:12:56.434,1.52102,1.52133,1.13,1.88
2011.01.11 19:12:56.555,1.52097,1.52133,2.25,1.88
2011.01.11 19:12:56.673,1.52093,1.52133,1.50,3.04
2011.01.11 19:12:56.796,1.5209,1.52133,1.50,4.47
2011.01.11 19:12:56.914,1.52084,1.52128,1.50,1.02
2011.01.11 19:12:57.143,1.52084,1.52114,1.50,1.50
2011.01.11 19:12:57.736,1.52086,1.52114,1.50,1.50
2011.01.11 19:12:58.442,1.52085,1.52114,1.50,1.50
2011.01.11 19:13:00.191,1.52082,1.52114,1.50,1.50
2011.01.11 19:13:00.632,1.52079,1.52114,2.48,1.69
2011.01.11 19:13:02.604,1.52084,1.52113,1.62,1.50
2011.01.11 19:13:03.441,1.52087,1.52123,1.62,1.50
2011.01.11 19:13:03.993,1.52087,1.52123,1.62,1.50
2011.01.11 19:13:07.818,1.52082,1.52113,1.54,1.50
2011.01.11 19:13:10.625,1.52075,1.52103,2.67,1.50
2011.01.11 19:13:11.644,1.52075,1.52103,3.08,1.50
2011.01.11 19:13:11.774,1.52084,1.52123,1.38,1.69
2011.01.11 19:13:13.423,1.52095,1.52123,1.13,1.50
2011.01.11 19:13:14.069,1.52096,1.52134,1.50,1.50
2011.01.11 19:13:14.850,1.52102,1.52134,1.13,1.50
2011.01.11 19:13:15.424,1.5211,1.52134,1.13,1.50
2011.01.11 19:13:15.777,1.52117,1.52143,1.13,1.50
2011.01.11 19:13:16.339,1.52136,1.52159,1.50,1.50
2011.01.11 19:13:16.465,1.52136,1.52174,1.69,1.50
2011.01.11 19:13:20.341,1.52139,1.52174,1.13,1.50
2011.01.11 19:13:24.453,1.52136,1.52174,3.57,1.50
2011.01.11 19:13:30.431,1.52147,1.52181,1.50,1.50
2011.01.11 19:13:30.873,1.52147,1.52183,1.50,1.50
2011.01.11 19:13:36.495,1.52153,1.52183,1.13,1.50
2011.01.11 19:13:36.833,1.52157,1.52193,1.50,3.00
2011.01.11 19:13:37.400,1.52157,1.52193,1.69,1.50
2011.01.11 19:13:37.955,1.52167,1.522,1.50,1.50
2011.01.11 19:13:38.719,1.52167,1.52203,1.50,3.00
2011.01.11 19:13:47.733,1.52159,1.52194,1.50,1.50
2011.01.11 19:13:48.075,1.52158,1.52194,1.65,2.44
2011.01.11 19:13:48.788,1.52156,1.52194,1.50,2.44
2011.01.11 19:13:49.762,1.52156,1.52194,1.50,1.69
2011.01.11 19:13:52.832,1.52158,1.52194,1.13,1.50
2011.01.11 19:13:54.843,1.52156,1.52194,2.63,1.50
2011.01.11 19:14:00.624,1.52153,1.52184,1.13,1.50
2011.01.11 19:14:05.518,1.5215,1.52184,1.32,1.50
2011.01.11 19:14:12.108,1.52155,1.52184,1.13,1.50
2011.01.11 19:14:15.623,1.52155,1.5219,2.07,1.50
2011.01.11 19:14:15.868,1.52159,1.52194,1.13,1.50
2011.01.11 19:14:16.644,1.5216,1.52194,1.13,1.50
2011.01.11 19:14:20.740,1.5216,1.52183,1.13,1.50
2011.01.11 19:14:21.421,1.52157,1.52183,1.13,1.50
2011.01.11 19:14:25.856,1.52154,1.52183,1.50,1.50
2011.01.11 19:14:25.975,1.5215,1.52183,2.63,1.50
2011.01.11 19:14:26.547,1.52148,1.52183,1.13,1.50
2011.01.11 19:14:28.973,1.52149,1.52183,1.50,1.50
2011.01.11 19:14:39.481,1.52157,1.52193,1.50,2.33
2011.01.11 19:14:40.361,1.52149,1.52184,1.50,1.50
2011.01.11 19:14:51.567,1.52146,1.52183,1.50,2.52
2011.01.11 19:14:51.902,1.52136,1.52174,3.38,1.50
2011.01.11 19:14:52.233,1.52136,1.52174,1.50,3.83
2011.01.11 19:14:54.666,1.52126,1.52166,1.50,1.50
2011.01.11 19:14:55.237,1.52126,1.52164,1.50,1.58
2011.01.11 19:15:05.761,1.52126,1.52161,1.50,1.50
2011.01.11 19:15:07.632,1.52126,1.52163,1.50,1.58
2011.01.11 19:15:08.406,1.52126,1.52164,1.69,1.50
2011.01.11 19:15:11.461,1.52137,1.52167,1.50,1.58
2011.01.11 19:15:14.854,1.52127,1.52163,1.50,1.50
2011.01.11 19:15:17.952,1.52127,1.52163,1.50,1.58
2011.01.11 19:15:19.034,1.52127,1.52163,1.50,1.58
2011.01.11 19:15:19.807,1.52127,1.52163,1.69,1.50
2011.01.11 19:15:22.522,1.52127,1.52163,1.50,1.50
2011.01.11 19:15:22.743,1.52137,1.52171,1.50,2.33
2011.01.11 19:15:24.715,1.52137,1.5217,1.50,2.33
2011.01.11 19:15:25.052,1.52126,1.52164,1.50,1.58
2011.01.11 19:15:30.811,1.52136,1.5217,1.50,2.33
2011.01.11 19:15:34.611,1.52127,1.52163,1.50,1.58
2011.01.11 19:15:38.722,1.52127,1.52163,1.50,1.58
2011.01.11 19:15:42.027,1.52127,1.5216,1.50,1.13
2011.01.11 19:15:44.142,1.52127,1.52163,1.50,1.58
2011.01.11 19:15:44.582,1.52127,1.5216,1.50,1.50
2011.01.11 19:15:45.954,1.52127,1.52162,1.50,1.69
2011.01.11 19:15:46.071,1.52117,1.52153,1.50,1.50
2011.01.11 19:15:47.271,1.52118,1.52153,1.13,1.50
2011.01.11 19:15:51.356,1.52117,1.52153,1.50,1.50
2011.01.11 19:15:51.474,1.52115,1.52144,1.13,1.50
2011.01.11 19:15:52.214,1.52117,1.52146,1.50,1.20
2011.01.11 19:15:56.574,1.52119,1.52146,1.13,1.20
2011.01.11 19:15:56.912,1.52119,1.52147,1.32,1.20
2011.01.11 19:15:57.722,1.52119,1.52152,1.32,1.20
2011.01.11 19:16:01.192,1.52126,1.52151,1.50,1.20
2011.01.11 19:16:02.998,1.52119,1.52141,1.13,1.50
2011.01.11 19:16:03.456,1.52119,1.52141,1.13,2.25
2011.01.11 19:16:03.802,1.52117,1.52141,1.50,2.33
2011.01.11 19:16:05.213,1.52116,1.52141,1.50,2.33
2011.01.11 19:16:05.325,1.52105,1.52141,1.17,2.33
2011.01.11 19:16:05.774,1.52102,1.52134,2.74,2.33
2011.01.11 19:16:06.582,1.52103,1.52134,1.60,2.33
2011.01.11 19:16:07.693,1.52103,1.52133,1.60,2.33
2011.01.11 19:16:09.144,1.52099,1.52133,1.62,2.33
2011.01.11 19:16:09.495,1.52099,1.52133,1.60,2.33
2011.01.11 19:16:17.414,1.52104,1.52133,1.54,1.20
2011.01.11 19:16:17.534,1.52104,1.52133,1.54,1.20
2011.01.11 19:16:25.648,1.521,1.52132,1.59,1.20
2011.01.11 19:16:26.205,1.52107,1.52133,1.17,2.33
2011.01.11 19:16:26.324,1.5211,1.52133,1.54,2.33
2011.01.11 19:16:26.446,1.5211,1.52148,2.48,2.33
2011.01.11 19:16:26.567,1.52118,1.52147,1.13,1.20
2011.01.11 19:16:26.685,1.52118,1.52147,1.13,1.20
2011.01.11 19:16:27.315,1.52127,1.52155,1.50,2.33
2011.01.11 19:16:27.663,1.52117,1.52153,1.50,2.33
2011.01.11 19:16:27.884,1.52117,1.52153,1.50,2.33
2011.01.11 19:16:28.743,1.5211,1.52144,1.54,2.33
2011.01.11 19:16:38.392,1.52114,1.52144,1.13,2.33
2011.01.11 19:16:38.895,1.52114,1.52144,1.13,1.50
2011.01.11 19:16:39.477,1.52115,1.52144,1.13,1.50
2011.01.11 19:16:41.365,1.52118,1.52144,1.13,1.50
2011.01.11 19:16:43.792,1.52117,1.52153,2.63,2.33
2011.01.11 19:16:46.325,1.52116,1.52152,2.63,1.02
2011.01.11 19:16:46.896,1.52107,1.52144,1.54,1.58
2011.01.11 19:16:47.462,1.52107,1.52144,1.54,2.33
2011.01.11 19:16:49.295,1.52107,1.52141,1.54,2.33
2011.01.11 19:16:49.928,1.52106,1.5214,1.54,2.33
2011.01.11 19:16:52.135,1.52114,1.52149,1.54,2.33
2011.01.11 19:16:52.252,1.52114,1.52149,1.54,2.33
2011.01.11 19:16:52.364,1.52116,1.52149,1.50,2.33
2011.01.11 19:16:52.599,1.52117,1.52154,1.50,2.70
2011.01.11 19:16:53.152,1.52117,1.52154,1.50,2.70
2011.01.11 19:16:53.923,1.52116,1.52154,1.50,2.70
2011.01.11 19:16:54.813,1.52114,1.52143,1.54,1.50
2011.01.11 19:16:55.576,1.52114,1.52143,1.50,1.58
2011.01.11 19:16:59.842,1.52112,1.52143,1.54,1.58
2011.01.11 19:17:01.069,1.52112,1.52143,1.54,1.58
2011.01.11 19:17:04.454,1.52109,1.52143,1.54,2.33
2011.01.11 19:17:06.273,1.5211,1.52143,1.54,2.33
2011.01.11 19:17:09.701,1.52107,1.52136,1.54,1.20
2011.01.11 19:17:10.045,1.52102,1.52134,1.60,2.33
2011.01.11 19:17:11.177,1.52102,1.52134,1.58,1.58
2011.01.11 19:17:11.305,1.52102,1.52134,1.62,1.50
2011.01.11 19:17:13.185,1.52108,1.52142,1.17,1.20
2011.01.11 19:17:15.485,1.52121,1.52143,1.13,2.33
2011.01.11 19:17:16.109,1.52123,1.52154,1.13,1.58
2011.01.11 19:17:16.225,1.52119,1.52154,1.69,1.58
2011.01.11 19:17:16.345,1.52126,1.52159,1.50,1.20
2011.01.11 19:17:16.574,1.52119,1.52154,2.63,1.58
2011.01.11 19:17:17.372,1.52119,1.52154,1.50,1.58
2011.01.11 19:17:17.483,1.52117,1.52154,2.82,1.58
2011.01.11 19:17:18.153,1.52118,1.52154,1.13,1.58
2011.01.11 19:17:18.712,1.52119,1.52154,1.50,1.58
2011.01.11 19:17:18.933,1.52123,1.52154,1.13,1.58
2011.01.11 19:17:19.590,1.52119,1.52154,1.50,1.58
2011.01.11 19:17:19.708,1.52123,1.52154,1.13,1.58
2011.01.11 19:17:21.083,1.5212,1.52154,1.50,1.58
2011.01.11 19:17:22.702,1.52119,1.52154,1.13,1.58
2011.01.11 19:17:29.873,1.52116,1.52154,1.50,1.95
2011.01.11 19:17:29.993,1.52116,1.52154,1.50,2.70
2011.01.11 19:17:34.822,1.52117,1.52153,1.50,2.33
2011.01.11 19:17:39.544,1.52117,1.52153,1.69,2.33
2011.01.11 19:17:39.777,1.52119,1.52153,1.13,1.50
2011.01.11 19:17:39.894,1.52117,1.52153,1.50,1.50
2011.01.11 19:17:40.455,1.52127,1.52161,1.50,1.20
2011.01.11 19:17:46.762,1.52127,1.52163,1.50,2.33
2011.01.11 19:17:49.804,1.52127,1.52163,1.50,1.50
2011.01.11 19:17:50.037,1.52129,1.52163,1.13,1.50
2011.01.11 19:17:50.944,1.5213,1.52163,1.13,1.50
2011.01.11 19:17:52.735,1.5213,1.52163,1.32,1.50
2011.01.11 19:17:52.856,1.52136,1.52174,1.50,1.58
2011.01.11 19:17:52.974,1.52136,1.52174,1.69,1.50
2011.01.11 19:17:53.205,1.52147,1.52183,1.50,1.50
2011.01.11 19:17:58.489,1.52148,1.52183,1.88,1.50
2011.01.11 19:18:00.567,1.52147,1.52183,1.50,1.50
2011.01.11 19:18:11.103,1.52148,1.52183,1.13,1.50
2011.01.11 19:18:14.352,1.52147,1.52183,1.50,1.50
2011.01.11 19:18:24.185,1.52147,1.52184,1.13,1.50
2011.01.11 19:18:26.152,1.52146,1.52184,1.50,1.50
2011.01.11 19:18:28.043,1.52146,1.52184,2.82,1.50
2011.01.11 19:18:28.546,1.52151,1.52184,1.13,1.50
2011.01.11 19:18:29.755,1.52152,1.52184,1.13,1.50
2011.01.11 19:18:30.451,1.52146,1.52183,1.50,1.50
2011.01.11 19:18:32.284,1.52148,1.52183,1.13,1.50
2011.01.11 19:18:32.960,1.52146,1.52183,1.50,1.50
2011.01.11 19:18:37.372,1.52146,1.52184,1.50,1.50
2011.01.11 19:18:38.499,1.52147,1.52184,1.13,1.50
2011.01.11 19:18:38.723,1.52146,1.52182,1.50,1.50
2011.01.11 19:18:39.448,1.52137,1.52173,1.50,1.50
2011.01.11 19:18:41.454,1.52137,1.52173,1.69,1.50
2011.01.11 19:18:43.193,1.52142,1.52173,1.13,1.50
2011.01.11 19:18:43.948,1.52141,1.52173,1.13,1.50
2011.01.11 19:18:44.503,1.5214,1.52173,1.32,1.50
2011.01.11 19:18:52.808,1.52139,1.52165,1.13,1.50
2011.01.11 19:18:52.927,1.52123,1.52169,1.88,1.58
2011.01.11 19:18:53.043,1.5212,1.52163,1.32,1.50
2011.01.11 19:18:53.382,1.52121,1.52154,1.32,1.50
2011.01.11 19:18:53.493,1.52127,1.52163,1.50,1.50
2011.01.11 19:19:07.745,1.52118,1.52153,1.13,1.50
2011.01.11 19:19:10.123,1.52118,1.52153,1.32,1.50
2011.01.11 19:19:10.892,1.52127,1.52163,1.50,3.83
2011.01.11 19:19:13.714,1.52127,1.52163,1.50,1.50
2011.01.11 19:19:14.597,1.52127,1.52152,1.50,1.69
2011.01.11 19:19:14.825,1.52113,1.52151,1.92,1.69
2011.01.11 19:19:15.559,1.52111,1.52144,1.54,1.50
2011.01.11 19:19:19.713,1.52106,1.52144,3.04,1.69
2011.01.11 19:19:20.043,1.52106,1.5214,1.54,1.50
2011.01.11 19:19:20.826,1.52105,1.52134,1.54,1.50
2011.01.11 19:19:25.844,1.52108,1.52143,1.17,1.50
2011.01.11 19:19:29.776,1.52111,1.52143,1.54,1.50
2011.01.11 19:19:30.005,1.52122,1.52153,1.13,1.50
2011.01.11 19:19:30.808,1.52121,1.52153,1.13,1.50
2011.01.11 19:19:36.121,1.52122,1.52153,1.13,1.50
2011.01.11 19:19:41.763,1.52118,1.52153,1.50,1.50
2011.01.11 19:19:42.301,1.52117,1.52153,1.50,1.50
2011.01.11 19:19:46.517,1.52117,1.52153,1.50,2.33
2011.01.11 19:19:46.853,1.52106,1.52148,1.54,1.02
2011.01.11 19:19:47.549,1.52106,1.52144,1.54,1.02
2011.01.11 19:19:48.155,1.52107,1.52142,1.54,1.02
2011.01.11 19:19:48.688,1.52107,1.52141,1.54,1.02
2011.01.11 19:19:48.928,1.52106,1.52141,1.54,1.02
2011.01.11 19:19:50.644,1.52117,1.52147,1.50,1.02
2011.01.11 19:19:50.767,1.52107,1.52143,3.04,1.50
2011.01.11 19:19:50.885,1.52117,1.52147,1.50,1.02
2011.01.11 19:19:54.551,1.52106,1.52144,1.54,1.58
2011.01.11 19:19:56.973,1.52108,1.52144,1.54,1.58
2011.01.11 19:19:58.435,1.52088,1.52124,4.84,1.77
2011.01.11 19:19:59.116,1.52088,1.52124,4.86,2.52
2011.01.11 19:20:05.207,1.52097,1.52129,1.58,1.02
2011.01.11 19:20:05.876,1.52088,1.52123,3.93,2.33
2011.01.11 19:20:06.576,1.52087,1.52123,3.93,2.52
2011.01.11 19:20:07.507,1.52087,1.52123,3.87,2.52
2011.01.11 19:20:08.103,1.52087,1.52123,3.90,2.33
2011.01.11 19:20:09.941,1.52087,1.52123,1.50,2.33
2011.01.11 19:20:11.190,1.52081,1.52114,1.50,1.50
2011.01.11 19:20:11.526,1.52081,1.5211,2.63,1.69
2011.01.11 19:20:12.095,1.52084,1.5211,1.13,1.77
2011.01.11 19:20:12.446,1.52078,1.52094,1.89,1.50
2011.01.11 19:20:12.565,1.52066,1.52094,1.50,1.50
2011.01.11 19:20:13.342,1.52067,1.52094,1.50,1.50
2011.01.11 19:20:16.025,1.52067,1.52094,4.32,1.50
2011.01.11 19:20:16.148,1.52078,1.52109,1.50,2.44
2011.01.11 19:20:16.373,1.52072,1.52111,1.50,1.39
2011.01.11 19:20:17.194,1.52069,1.52094,1.50,1.50
2011.01.11 19:20:17.312,1.52067,1.52094,1.89,1.50
2011.01.11 19:20:17.644,1.52078,1.52094,1.89,1.50
2011.01.11 19:20:18.157,1.52068,1.52106,1.50,1.02
2011.01.11 19:20:18.283,1.52072,1.52103,1.50,1.50
2011.01.11 19:20:18.623,1.52078,1.52113,1.50,2.33
2011.01.11 19:20:21.433,1.52083,1.52113,1.50,2.33
2011.01.11 19:20:22.051,1.52077,1.52113,3.00,2.52
2011.01.11 19:20:23.034,1.52077,1.52109,1.50,1.02
2011.01.11 19:20:23.150,1.52074,1.52103,1.50,1.50
2011.01.11 19:20:23.534,1.5208,1.52109,1.50,1.02
2011.01.11 19:20:23.653,1.52074,1.52109,1.50,1.02
2011.01.11 19:20:24.183,1.52074,1.52103,1.50,1.50
2011.01.11 19:20:25.574,1.52075,1.52103,1.50,1.50
2011.01.11 19:20:26.071,1.52076,1.52109,1.50,1.02
2011.01.11 19:20:27.513,1.52083,1.52114,1.50,2.33
2011.01.11 19:20:27.624,1.52083,1.52114,1.50,1.58
2011.01.11 19:20:28.223,1.52087,1.52119,1.50,1.02
2011.01.11 19:20:29.196,1.52078,1.52113,2.63,1.58
2011.01.11 19:20:30.222,1.52077,1.52112,1.50,1.02
2011.01.11 19:20:30.782,1.52077,1.52109,1.50,1.02
2011.01.11 19:20:31.349,1.52077,1.5211,1.50,1.02
2011.01.11 19:20:31.576,1.52081,1.52114,1.50,2.33
2011.01.11 19:20:34.508,1.52086,1.52124,1.50,2.33
2011.01.11 19:20:34.844,1.52079,1.52114,1.13,1.58
2011.01.11 19:20:35.533,1.52085,1.52114,1.13,1.58
2011.01.11 19:20:35.648,1.52083,1.52114,1.13,1.58
2011.01.11 19:20:35.765,1.52081,1.52114,1.13,1.58
2011.01.11 19:20:36.349,1.52078,1.52114,1.50,1.58
2011.01.11 19:20:38.773,1.52079,1.52114,1.50,1.58
2011.01.11 19:20:40.985,1.5208,1.52114,1.13,1.58
2011.01.11 19:20:41.919,1.52079,1.52114,1.13,1.58
2011.01.11 19:20:42.694,1.52076,1.52114,1.50,1.58
2011.01.11 19:20:46.576,1.52076,1.52114,1.50,1.58
2011.01.11 19:20:47.145,1.52077,1.52113,1.50,2.33
2011.01.11 19:20:51.044,1.52077,1.52113,1.50,2.33
2011.01.11 19:20:51.167,1.5207,1.52104,2.63,1.50
2011.01.11 19:20:54.826,1.52066,1.52104,2.63,1.50
2011.01.11 19:20:55.065,1.52076,1.52114,1.50,2.33
2011.01.11 19:20:59.592,1.52077,1.52114,1.13,2.33
2011.01.11 19:21:02.482,1.52076,1.52114,1.50,2.33
2011.01.11 19:21:12.553,1.52077,1.52113,1.50,2.33
2011.01.11 19:21:13.705,1.52077,1.52113,2.63,1.50
2011.01.11 19:21:15.143,1.52077,1.52113,1.50,2.33
2011.01.11 19:21:21.072,1.52077,1.52113,1.50,2.33
2011.01.11 19:21:21.515,1.52067,1.52103,1.50,1.50
2011.01.11 19:21:23.717,1.52077,1.52113,1.50,4.21
2011.01.11 19:21:31.769,1.52077,1.5211,1.50,2.25
2011.01.11 19:21:31.894,1.52086,1.52118,1.50,1.58
2011.01.11 19:21:32.012,1.52086,1.52123,1.50,2.33
2011.01.11 19:21:32.128,1.52086,1.52124,1.50,1.58
2011.01.11 19:21:33.244,1.52087,1.52124,1.13,1.50
2011.01.11 19:21:33.793,1.52086,1.52124,1.50,1.50
2011.01.11 19:21:35.093,1.52088,1.52124,1.13,1.50
2011.01.11 19:21:35.705,1.5209,1.52124,1.13,1.50
2011.01.11 19:21:36.493,1.52089,1.52124,1.13,1.50
2011.01.11 19:21:37.604,1.52089,1.52124,1.32,1.50
2011.01.11 19:21:37.834,1.52089,1.52132,1.32,2.33
2011.01.11 19:21:40.756,1.52096,1.5213,1.50,2.33
2011.01.11 19:21:42.524,1.52097,1.52128,1.50,2.33
2011.01.11 19:21:43.402,1.52096,1.52134,1.50,4.02
2011.01.11 19:21:44.173,1.52097,1.52134,1.50,1.02
2011.01.11 19:21:44.505,1.52097,1.52134,1.50,1.02
2011.01.11 19:21:44.625,1.52106,1.52134,1.50,1.02
2011.01.11 19:21:44.746,1.52097,1.52134,1.50,1.02
2011.01.11 19:21:54.054,1.52097,1.52117,1.50,1.32
2011.01.11 19:21:54.178,1.52079,1.52119,1.13,1.13
2011.01.11 19:21:54.296,1.52079,1.52124,1.13,2.33
2011.01.11 19:21:55.063,1.52086,1.52124,1.50,2.33
2011.01.11 19:21:57.207,1.52086,1.52127,1.50,1.02
2011.01.11 19:21:57.324,1.52097,1.52127,1.50,1.02
2011.01.11 19:21:58.645,1.52097,1.5213,1.50,1.02
2011.01.11 19:22:07.825,1.52097,1.5213,1.50,2.52
2011.01.11 19:22:08.526,1.52097,1.52118,1.50,1.02
2011.01.11 19:22:08.649,1.52077,1.52116,1.28,1.02
2011.01.11 19:22:11.212,1.52077,1.52113,1.58,2.33
2011.01.11 19:22:11.764,1.52077,1.52113,1.58,2.33
2011.01.11 19:22:13.035,1.52077,1.52113,1.65,2.33
2011.01.11 19:22:14.413,1.52077,1.52113,1.65,2.33
2011.01.11 19:22:14.960,1.52077,1.52113,1.80,2.33
2011.01.11 19:22:16.588,1.52077,1.52113,1.58,2.33
2011.01.11 19:22:17.245,1.52077,1.52113,1.65,2.33
2011.01.11 19:22:17.593,1.52077,1.52113,1.65,2.33
2011.01.11 19:22:18.483,1.52077,1.52113,1.58,2.33
2011.01.11 19:22:19.433,1.52077,1.52113,3.15,2.33
2011.01.11 19:22:20.582,1.52077,1.52113,1.58,2.33
2011.01.11 19:22:20.802,1.52087,1.5212,1.50,1.20
2011.01.11 19:22:21.743,1.52087,1.52123,1.65,2.33
2011.01.11 19:22:23.415,1.52087,1.52123,1.65,2.25
2011.01.11 19:22:23.534,1.52088,1.52123,1.28,1.50
2011.01.11 19:22:24.996,1.5209,1.52123,1.13,1.50
2011.01.11 19:22:27.000,1.52092,1.52123,1.13,1.50
2011.01.11 19:22:27.116,1.52089,1.52123,1.13,1.50
2011.01.11 19:22:27.236,1.52091,1.52123,1.50,1.50
2011.01.11 19:22:27.354,1.52089,1.52123,2.63,1.50
2011.01.11 19:22:28.007,1.52089,1.52133,1.50,2.33
2011.01.11 19:22:28.124,1.52096,1.52134,1.50,2.33
2011.01.11 19:22:32.174,1.52096,1.5213,1.50,1.02
2011.01.11 19:22:32.514,1.52096,1.52127,1.50,1.02
2011.01.11 19:22:35.024,1.52096,1.5213,1.50,1.02
2011.01.11 19:22:35.478,1.52096,1.52119,1.50,1.02
2011.01.11 19:22:36.104,1.52086,1.52119,1.50,1.95
2011.01.11 19:22:37.536,1.52086,1.52119,1.50,1.95
2011.01.11 19:22:40.947,1.52086,1.52115,1.50,1.02
2011.01.11 19:22:41.288,1.52076,1.52114,1.50,2.33
2011.01.11 19:22:41.953,1.52076,1.52114,1.50,2.33
2011.01.11 19:22:42.618,1.52076,1.52114,1.50,2.33
2011.01.11 19:22:42.735,1.52076,1.52114,1.50,2.33
2011.01.11 19:22:46.166,1.52077,1.52114,3.19,2.33
2011.01.11 19:22:46.514,1.52077,1.52114,2.82,2.33
2011.01.11 19:22:46.634,1.52087,1.52121,1.50,2.33
2011.01.11 19:22:50.052,1.52087,1.5212,1.50,1.02
2011.01.11 19:22:50.274,1.52077,1.52113,2.25,1.58
2011.01.11 19:22:51.614,1.52077,1.52112,1.50,1.02
2011.01.11 19:22:51.946,1.52071,1.52104,1.50,1.50
2011.01.11 19:22:53.143,1.5207,1.52104,2.63,1.50
2011.01.11 19:22:56.004,1.52067,1.52104,1.50,2.33
2011.01.11 19:22:56.994,1.52066,1.52104,1.50,2.33
2011.01.11 19:23:00.981,1.52064,1.52093,1.50,1.50
2011.01.11 19:23:01.093,1.52062,1.52093,1.50,1.50
2011.01.11 19:23:01.424,1.52062,1.52093,1.50,1.58
2011.01.11 19:23:03.063,1.5206,1.52093,1.50,1.58
2011.01.11 19:23:06.593,1.52059,1.52093,1.50,1.58
2011.01.11 19:23:10.947,1.52057,1.52093,1.50,1.58
2011.01.11 19:23:11.542,1.52057,1.52093,1.50,2.33
2011.01.11 19:23:13.563,1.52067,1.52101,1.50,2.33
2011.01.11 19:23:14.962,1.52067,1.52103,1.50,2.33
2011.01.11 19:23:15.184,1.52067,1.52103,1.50,2.33
2011.01.11 19:23:17.091,1.52067,1.52103,1.50,2.70
2011.01.11 19:23:20.184,1.52067,1.52103,1.50,2.33
2011.01.11 19:23:20.743,1.52059,1.52094,1.50,1.50
2011.01.11 19:23:20.852,1.52059,1.52094,2.25,1.50
2011.01.11 19:23:26.893,1.52066,1.52104,1.50,4.20
2011.01.11 19:23:32.936,1.52066,1.52094,1.50,1.43
2011.01.11 19:23:38.717,1.52066,1.52088,1.50,1.43
2011.01.11 19:23:39.566,1.52056,1.52084,2.63,1.43
2011.01.11 19:23:40.321,1.52056,1.52088,1.50,1.43
2011.01.11 19:23:40.444,1.52058,1.52088,1.50,1.43
2011.01.11 19:23:40.785,1.52058,1.52084,1.50,1.43
2011.01.11 19:23:42.025,1.52056,1.52084,1.50,1.43
2011.01.11 19:23:44.342,1.52055,1.52084,1.50,1.50
2011.01.11 19:23:44.678,1.52051,1.52076,1.50,1.43
2011.01.11 19:23:45.015,1.52049,1.52076,1.50,1.69
2011.01.11 19:23:45.140,1.52046,1.52076,1.50,1.69
2011.01.11 19:23:45.867,1.52048,1.52068,1.50,1.43
2011.01.11 19:23:48.653,1.52046,1.52068,1.50,1.43
2011.01.11 19:23:51.563,1.52046,1.52068,1.50,2.25
2011.01.11 19:23:51.894,1.52037,1.52062,1.65,1.43
2011.01.11 19:23:52.413,1.52037,1.52062,3.08,1.43
2011.01.11 19:23:52.964,1.52038,1.52062,1.50,1.43
2011.01.11 19:23:54.116,1.52032,1.52061,1.50,1.69
2011.01.11 19:23:54.233,1.52027,1.52061,3.38,1.69
2011.01.11 19:23:54.453,1.52036,1.52061,1.50,1.69
2011.01.11 19:23:56.034,1.52036,1.52061,1.50,1.50
2011.01.11 19:23:57.123,1.52046,1.52071,1.50,2.25
2011.01.11 19:23:57.677,1.52036,1.52071,3.15,2.44
2011.01.11 19:23:58.347,1.52036,1.52071,3.08,2.44
2011.01.11 19:23:58.684,1.52047,1.5207,1.50,2.44
2011.01.11 19:23:59.570,1.5204,1.5207,1.50,2.25
2011.01.11 19:23:59.693,1.5204,1.5207,1.50,2.18
2011.01.11 19:23:59.804,1.5204,1.52071,1.50,1.43
2011.01.11 19:24:00.036,1.52047,1.52077,1.50,1.02
2011.01.11 19:24:00.886,1.52047,1.5207,1.50,1.50
2011.01.11 19:24:01.565,1.52038,1.5207,1.50,2.25
2011.01.11 19:24:01.693,1.52047,1.5207,1.50,2.25
2011.01.11 19:24:02.352,1.52047,1.52079,1.50,1.50
2011.01.11 19:24:02.472,1.52042,1.52073,2.70,1.50
2011.01.11 19:24:02.804,1.52047,1.52079,1.50,2.25
2011.01.11 19:24:05.668,1.52047,1.52076,1.50,1.43
2011.01.11 19:24:05.783,1.52047,1.52079,1.50,2.25
2011.01.11 19:24:07.263,1.52047,1.52079,1.58,2.25
2011.01.11 19:24:09.835,1.52047,1.52078,1.50,1.50
2011.01.11 19:24:10.449,1.52056,1.52079,1.50,2.25
2011.01.11 19:24:11.125,1.52046,1.52079,1.58,2.25
2011.01.11 19:24:12.025,1.52046,1.52079,1.80,2.25
2011.01.11 19:24:12.365,1.52046,1.52084,3.98,2.33
2011.01.11 19:24:12.935,1.52046,1.52084,3.98,2.25
2011.01.11 19:24:13.059,1.52056,1.52094,1.58,2.33
2011.01.11 19:24:13.699,1.52056,1.52088,1.50,1.02
2011.01.11 19:24:14.270,1.52047,1.52086,1.50,2.25
2011.01.11 19:24:14.394,1.52057,1.52085,1.50,1.50
2011.01.11 19:24:15.441,1.52057,1.52085,1.50,2.25
2011.01.11 19:24:20.444,1.52047,1.52083,1.50,2.52
2011.01.11 19:24:29.623,1.52046,1.52084,1.50,2.25
2011.01.11 19:24:30.637,1.52047,1.52083,1.50,2.52
2011.01.11 19:24:32.309,1.52047,1.52083,1.50,2.33
2011.01.11 19:24:35.495,1.52047,1.52082,1.50,1.02
2011.01.11 19:24:35.946,1.52047,1.52076,1.50,1.02
2011.01.11 19:24:36.491,1.52037,1.52076,1.50,1.02
2011.01.11 19:24:37.037,1.52036,1.52072,3.00,1.02
2011.01.11 19:24:37.595,1.52036,1.52074,1.58,2.33
2011.01.11 19:24:38.237,1.52036,1.52074,1.50,2.33
2011.01.11 19:24:41.764,1.52036,1.52074,1.50,2.33
2011.01.11 19:24:42.435,1.52036,1.52073,1.65,1.02
2011.01.11 19:24:42.557,1.52041,1.52074,1.32,1.50
2011.01.11 19:24:42.675,1.52041,1.52083,3.57,1.58
2011.01.11 19:24:43.407,1.52047,1.52083,1.50,1.50
2011.01.11 19:24:43.745,1.52044,1.52073,1.13,1.50
2011.01.11 19:24:46.335,1.52039,1.52073,1.13,1.50
2011.01.11 19:24:49.483,1.52037,1.52073,1.50,1.50
2011.01.11 19:24:56.496,1.5204,1.52073,1.13,1.50
2011.01.11 19:24:57.183,1.52042,1.52073,1.13,1.50
2011.01.11 19:24:57.306,1.52046,1.52084,2.25,1.50
2011.01.11 19:24:58.099,1.52052,1.52084,1.13,1.50
2011.01.11 19:24:59.215,1.52056,1.52094,2.63,1.50
2011.01.11 19:24:59.774,1.52057,1.52094,1.13,1.50
2011.01.11 19:25:00.314,1.52056,1.52094,2.63,1.50
2011.01.11 19:25:02.264,1.52056,1.52094,3.38,3.00
2011.01.11 19:25:02.485,1.52059,1.52094,1.13,1.50
2011.01.11 19:25:05.241,1.52061,1.52094,1.13,1.50
2011.01.11 19:25:06.665,1.52059,1.52094,2.25,1.50
2011.01.11 19:25:06.784,1.52061,1.52094,1.13,1.50
2011.01.11 19:25:07.436,1.52058,1.52094,1.13,1.50
2011.01.11 19:25:07.995,1.52066,1.521,1.50,1.58
2011.01.11 19:25:09.865,1.52067,1.521,1.13,1.58
2011.01.11 19:25:10.098,1.52066,1.52102,1.50,1.50
2011.01.11 19:25:10.685,1.52056,1.52092,1.50,1.43
2011.01.11 19:25:14.384,1.52058,1.52094,1.50,2.52
2011.01.11 19:25:17.245,1.52058,1.52094,1.50,1.50
2011.01.11 19:25:18.006,1.52059,1.52094,1.50,1.50
2011.01.11 19:25:18.135,1.52059,1.52094,1.50,1.69
2011.01.11 19:25:20.298,1.52059,1.52094,1.50,1.50
2011.01.11 19:25:20.416,1.52059,1.5208,1.50,1.50
2011.01.11 19:25:20.645,1.52056,1.52093,1.50,2.25
2011.01.11 19:25:23.008,1.52056,1.52092,1.50,1.77
2011.01.11 19:25:24.484,1.52056,1.52094,1.50,2.33
2011.01.11 19:25:26.791,1.52057,1.52094,1.50,2.25
2011.01.11 19:25:26.915,1.52059,1.52094,1.50,1.50
2011.01.11 19:25:27.256,1.52067,1.52099,1.50,1.02
2011.01.11 19:25:27.608,1.52067,1.521,1.50,1.02
2011.01.11 19:25:28.134,1.52067,1.52103,1.50,5.97
2011.01.11 19:25:29.580,1.52067,1.52103,1.50,2.33
2011.01.11 19:25:33.050,1.52067,1.52103,1.50,6.45
2011.01.11 19:25:33.384,1.52057,1.52094,2.40,1.50
2011.01.11 19:25:34.036,1.52058,1.52094,2.25,1.50
2011.01.11 19:25:34.853,1.52058,1.52094,1.50,1.50
2011.01.11 19:25:36.047,1.52056,1.52094,2.25,1.50
2011.01.11 19:25:38.744,1.52056,1.52093,1.50,1.43
2011.01.11 19:25:39.596,1.52053,1.52083,1.58,1.50
2011.01.11 19:25:40.185,1.52052,1.52083,1.50,1.50
2011.01.11 19:26:01.033,1.52053,1.52083,1.13,1.50
2011.01.11 19:26:08.873,1.52053,1.52084,1.20,1.50
2011.01.11 19:26:16.063,1.52054,1.52084,1.50,1.50
2011.01.11 19:26:22.833,1.52055,1.52084,1.13,1.50
2011.01.11 19:26:23.563,1.52054,1.52084,1.50,1.50
2011.01.11 19:26:38.792,1.52054,1.52083,1.50,1.50
2011.01.11 19:26:39.124,1.52058,1.52083,1.13,1.50
2011.01.11 19:26:40.030,1.52057,1.52083,1.13,1.50
2011.01.11 19:26:41.739,1.52055,1.52083,1.13,1.50
2011.01.11 19:26:42.186,1.52056,1.52094,1.50,1.84
2011.01.11 19:26:42.761,1.52056,1.52094,2.25,1.50
2011.01.11 19:26:44.021,1.52056,1.52094,3.94,1.50
2011.01.11 19:26:44.413,1.52067,1.52103,1.50,2.25
2011.01.11 19:26:45.027,1.52067,1.52103,1.50,3.75
2011.01.11 19:26:45.625,1.52067,1.52103,1.50,2.25
2011.01.11 19:26:47.434,1.52057,1.52093,1.50,1.50
2011.01.11 19:27:00.799,1.52057,1.52099,1.50,1.65
2011.01.11 19:27:00.915,1.52057,1.52093,1.50,1.50
2011.01.11 19:27:02.085,1.52057,1.52093,1.50,1.69
2011.01.11 19:27:09.903,1.52057,1.52093,1.50,2.52
2011.01.11 19:27:10.234,1.52057,1.52091,1.50,1.02
2011.01.11 19:27:10.910,1.52048,1.52083,1.50,1.50
2011.01.11 19:27:12.353,1.52047,1.52083,1.50,1.50
2011.01.11 19:27:12.474,1.5205,1.52083,1.50,1.50
2011.01.11 19:27:13.578,1.52057,1.52093,1.50,2.70
2011.01.11 19:27:13.696,1.52057,1.52093,1.50,1.95
2011.01.11 19:27:14.255,1.52057,1.52093,1.50,2.14
2011.01.11 19:27:17.235,1.52057,1.52093,1.50,1.95
2011.01.11 19:27:19.015,1.52057,1.52093,1.50,2.52
2011.01.11 19:27:19.675,1.52057,1.52087,1.50,1.02
2011.01.11 19:27:20.014,1.52049,1.52084,1.50,1.58
2011.01.11 19:27:20.665,1.52048,1.52084,1.13,1.58
2011.01.11 19:27:21.531,1.52052,1.52084,1.50,1.58
2011.01.11 19:27:30.557,1.52055,1.52084,1.50,1.50
2011.01.11 19:27:30.684,1.52056,1.52094,1.50,2.25
2011.01.11 19:27:31.561,1.52058,1.52094,1.13,2.25
2011.01.11 19:27:32.119,1.52057,1.52094,1.50,2.25
2011.01.11 19:27:32.697,1.52047,1.52083,3.00,2.44
2011.01.11 19:27:33.056,1.52052,1.52084,1.50,1.50
2011.01.11 19:27:33.713,1.52052,1.52083,1.50,1.50
2011.01.11 19:27:35.844,1.52054,1.52083,1.50,1.50
2011.01.11 19:27:43.735,1.52056,1.52094,1.50,1.77
2011.01.11 19:27:44.685,1.52054,1.52083,1.50,1.50
2011.01.11 19:27:48.143,1.52052,1.52083,1.50,1.50
2011.01.11 19:27:49.865,1.5205,1.52083,1.50,1.50
2011.01.11 19:27:54.059,1.52051,1.52083,1.58,1.50
2011.01.11 19:27:54.614,1.52051,1.52083,1.50,1.50
2011.01.11 19:27:59.344,1.52049,1.52083,1.50,1.50
2011.01.11 19:28:00.090,1.52057,1.5209,1.50,1.02
2011.01.11 19:28:12.224,1.52051,1.52083,1.50,1.50
2011.01.11 19:28:23.272,1.52049,1.52083,1.50,1.50
2011.01.11 19:28:24.663,1.52047,1.52094,1.65,2.33
2011.01.11 19:28:25.245,1.52056,1.52088,1.50,2.33
2011.01.11 19:28:25.369,1.5205,1.52084,1.50,1.77
2011.01.11 19:28:25.709,1.5205,1.52084,1.58,1.58
2011.01.11 19:28:26.795,1.5205,1.52084,1.50,1.58
2011.01.11 19:28:27.988,1.5205,1.52084,1.50,1.77
2011.01.11 19:28:29.399,1.5205,1.52084,1.58,1.69
2011.01.11 19:28:29.992,1.52056,1.52084,1.50,1.50
2011.01.11 19:28:30.329,1.52056,1.52084,1.58,1.50
2011.01.11 19:28:30.448,1.52057,1.52091,1.58,1.02
2011.01.11 19:28:31.611,1.52052,1.52091,1.50,1.39
2011.01.11 19:28:31.736,1.52056,1.52091,1.58,1.77
2011.01.11 19:28:31.852,1.52056,1.52091,1.50,1.77
2011.01.11 19:28:32.457,1.52051,1.52083,1.58,1.50
2011.01.11 19:28:36.418,1.52051,1.52083,1.58,1.50
2011.01.11 19:28:37.087,1.52051,1.52083,1.50,1.50
2011.01.11 19:28:37.978,1.52051,1.52083,1.58,1.50
2011.01.11 19:28:39.892,1.52051,1.52083,1.50,1.50
2011.01.11 19:28:41.789,1.52051,1.52074,1.50,1.69
2011.01.11 19:28:41.910,1.52048,1.52074,1.50,1.69
2011.01.11 19:28:42.029,1.52045,1.52074,1.65,1.50
2011.01.11 19:28:42.480,1.52048,1.52083,1.50,1.69
2011.01.11 19:28:44.817,1.52048,1.52083,1.65,1.69
2011.01.11 19:28:45.941,1.52047,1.52083,1.50,2.33
2011.01.11 19:28:47.510,1.52057,1.52091,1.50,1.02
2011.01.11 19:28:48.049,1.52057,1.52091,1.50,1.39
2011.01.11 19:28:50.238,1.5205,1.52083,1.50,1.95
2011.01.11 19:28:51.689,1.52046,1.52084,3.00,1.95
2011.01.11 19:28:54.358,1.52046,1.52083,1.50,1.20
2011.01.11 19:28:54.687,1.52046,1.52083,1.50,1.20
2011.01.11 19:29:00.881,1.52046,1.52084,3.00,2.33
2011.01.11 19:29:01.753,1.52046,1.52084,3.00,1.58
2011.01.11 19:29:02.205,1.52046,1.52084,1.50,2.52
2011.01.11 19:29:04.924,1.52046,1.52084,1.50,1.77
2011.01.11 19:29:07.975,1.52046,1.52082,3.00,1.02
2011.01.11 19:29:12.689,1.52046,1.52084,3.00,1.58
2011.01.11 19:29:13.247,1.52057,1.52089,1.50,1.20
2011.01.11 19:29:15.892,1.52057,1.52077,1.50,1.02
2011.01.11 19:29:16.598,1.52036,1.52073,3.30,1.02
2011.01.11 19:29:16.722,1.52038,1.52074,1.20,2.33
2011.01.11 19:29:16.949,1.5204,1.52074,1.13,1.50
2011.01.11 19:29:17.289,1.5204,1.52074,1.20,1.50
2011.01.11 19:29:17.962,1.5204,1.52074,1.28,1.50
2011.01.11 19:29:18.081,1.52047,1.52083,1.58,2.33
2011.01.11 19:29:20.309,1.52047,1.52078,1.65,1.02
2011.01.11 19:29:21.847,1.52047,1.52081,1.58,1.02
2011.01.11 19:29:22.398,1.52047,1.52081,1.50,1.02
2011.01.11 19:29:22.949,1.52047,1.52078,1.80,1.02
2011.01.11 19:29:23.505,1.52047,1.52078,1.50,1.02
2011.01.11 19:29:29.467,1.52047,1.52082,1.58,1.02
2011.01.11 19:29:39.320,1.52047,1.52077,1.50,1.02
2011.01.11 19:29:39.878,1.52036,1.52071,1.65,1.02
2011.01.11 19:29:40.000,1.52036,1.52071,1.65,1.02
2011.01.11 19:29:42.420,1.52036,1.52068,1.50,1.02
2011.01.11 19:29:42.541,1.52036,1.52074,1.65,2.33
2011.01.11 19:29:43.121,1.52046,1.52083,1.50,1.02
2011.01.11 19:29:49.710,1.52046,1.52074,1.50,1.13
2011.01.11 19:29:50.049,1.52027,1.52065,3.15,1.69
2011.01.11 19:29:50.500,1.52027,1.52063,1.58,1.50
2011.01.11 19:29:51.138,1.52027,1.52063,1.58,1.77
2011.01.11 19:29:53.363,1.52027,1.52063,1.65,1.77
2011.01.11 19:29:59.230,1.52027,1.52063,1.50,1.77
2011.01.11 19:30:00.582,1.52027,1.52063,1.50,2.52
2011.01.11 19:30:01.028,1.52027,1.52063,1.50,1.77
2011.01.11 19:30:01.409,1.52027,1.52063,1.50,1.58
2011.01.11 19:30:02.261,1.52028,1.52063,1.65,1.58
2011.01.11 19:30:02.908,1.52029,1.52063,1.50,1.58
2011.01.11 19:30:03.130,1.52029,1.52063,1.58,1.58
2011.01.11 19:30:04.211,1.52029,1.52063,1.50,1.58
2011.01.11 19:30:06.314,1.52036,1.52072,1.50,1.39
2011.01.11 19:30:08.398,1.52029,1.52063,1.65,1.58
2011.01.11 19:30:08.508,1.52027,1.52063,1.50,1.58
2011.01.11 19:30:09.234,1.52024,1.52053,1.88,1.58
2011.01.11 19:30:09.469,1.52015,1.52043,1.50,1.50
2011.01.11 19:30:12.320,1.52016,1.52053,1.50,1.77
2011.01.11 19:30:13.437,1.52015,1.52044,1.50,1.50
2011.01.11 19:30:13.657,1.52012,1.52044,1.58,1.50
2011.01.11 19:30:15.056,1.52011,1.52043,3.38,2.44
2011.01.11 19:30:15.389,1.52009,1.52034,1.88,1.69
2011.01.11 19:30:15.620,1.52005,1.52034,1.13,1.69
2011.01.11 19:30:16.378,1.52006,1.52041,1.50,1.02
2011.01.11 19:30:17.278,1.52006,1.52038,1.50,1.02
2011.01.11 19:30:28.241,1.52006,1.52035,1.50,1.77
2011.01.11 19:30:28.358,1.51997,1.52033,1.58,1.69
2011.01.11 19:30:29.329,1.51997,1.52033,1.58,1.69
2011.01.11 19:30:29.943,1.51997,1.52033,1.65,1.69
2011.01.11 19:30:31.842,1.51997,1.52032,1.58,1.02
2011.01.11 19:30:32.722,1.52007,1.52038,1.50,1.02
2011.01.11 19:30:39.307,1.52007,1.5204,1.50,1.02
2011.01.11 19:30:48.911,1.52007,1.52043,1.65,1.50
2011.01.11 19:30:50.238,1.52007,1.52043,3.30,1.50
2011.01.11 19:30:50.799,1.52006,1.52044,3.30,1.50
2011.01.11 19:30:53.064,1.52006,1.52053,3.08,2.44
2011.01.11 19:30:53.196,1.52006,1.52053,4.20,1.02
2011.01.11 19:30:54.320,1.52017,1.52053,1.50,2.52
2011.01.11 19:30:54.878,1.52017,1.52053,1.65,2.52
2011.01.11 19:30:55.571,1.52017,1.52053,1.50,2.52
2011.01.11 19:30:57.374,1.52017,1.52046,1.50,2.52
2011.01.11 19:30:57.487,1.52007,1.52043,1.65,1.69
2011.01.11 19:30:57.950,1.52007,1.52043,1.58,1.69
2011.01.11 19:30:58.240,1.52007,1.52043,1.65,1.69
2011.01.11 19:30:59.906,1.52007,1.52043,1.65,1.69
2011.01.11 19:31:00.349,1.52007,1.52043,1.80,1.69
2011.01.11 19:31:01.538,1.52007,1.52043,4.20,1.69
2011.01.11 19:31:02.465,1.52007,1.52043,4.20,1.50
2011.01.11 19:31:04.459,1.52012,1.52043,1.65,1.50
2011.01.11 19:31:05.017,1.52016,1.52046,1.58,1.50
2011.01.11 19:31:05.580,1.52016,1.52046,1.80,1.50
2011.01.11 19:31:06.480,1.52016,1.52046,3.98,1.50
2011.01.11 19:31:06.602,1.52016,1.52046,1.80,1.50
2011.01.11 19:31:06.830,1.52016,1.52052,3.30,1.50
2011.01.11 19:31:17.858,1.5202,1.52054,1.58,1.58
2011.01.11 19:31:17.970,1.5202,1.52054,1.65,1.69
2011.01.11 19:31:19.089,1.5202,1.52054,1.80,1.50
2011.01.11 19:31:23.017,1.52022,1.52053,1.80,1.50
2011.01.11 19:31:26.814,1.52022,1.52053,1.65,1.69
2011.01.11 19:31:28.250,1.5202,1.52053,1.65,1.50
2011.01.11 19:31:35.697,1.52017,1.52053,3.15,1.50
2011.01.11 19:31:35.809,1.52019,1.52053,1.50,1.50
2011.01.11 19:31:35.918,1.52019,1.52053,1.50,1.69
2011.01.11 19:31:36.552,1.52017,1.52052,1.65,1.02
2011.01.11 19:31:37.569,1.52017,1.52052,1.65,1.02
2011.01.11 19:31:40.277,1.52016,1.52053,1.65,1.02
2011.01.11 19:31:43.043,1.52016,1.52053,1.58,1.02
2011.01.11 19:31:44.717,1.52016,1.52053,1.65,1.02
2011.01.11 19:31:49.480,1.52016,1.52053,1.58,1.02
2011.01.11 19:31:50.339,1.52016,1.52053,1.65,1.02
2011.01.11 19:31:55.556,1.52017,1.52053,1.58,2.52
2011.01.11 19:32:10.936,1.52016,1.52053,1.65,1.02
2011.01.11 19:32:11.270,1.52016,1.52053,3.98,1.02
2011.01.11 19:32:16.187,1.52016,1.52046,1.65,1.69
2011.01.11 19:32:21.311,1.52016,1.52046,3.98,1.50
2011.01.11 19:32:21.543,1.52017,1.52061,6.15,1.58
2011.01.11 19:32:21.662,1.52024,1.52064,1.58,2.52
2011.01.11 19:32:22.405,1.52027,1.52063,1.65,1.50
2011.01.11 19:32:26.944,1.52027,1.52063,1.65,1.50
2011.01.11 19:32:27.839,1.52027,1.52063,1.65,1.50
2011.01.11 19:32:37.027,1.52027,1.52063,1.65,1.50
2011.01.11 19:32:38.044,1.52024,1.52054,3.15,1.50
2011.01.11 19:32:38.171,1.52023,1.52053,1.50,1.50
2011.01.11 19:32:38.399,1.5202,1.52053,1.50,1.50
2011.01.11 19:32:39.418,1.52026,1.52056,1.50,1.50
2011.01.11 19:32:39.638,1.52022,1.52053,1.50,1.50
2011.01.11 19:32:40.248,1.52027,1.52063,1.50,2.33
2011.01.11 19:32:43.370,1.52033,1.52062,1.68,1.02
2011.01.11 19:32:43.722,1.52033,1.52061,1.68,1.02
2011.01.11 19:32:44.537,1.52017,1.52053,1.58,1.50
2011.01.11 19:32:47.061,1.52015,1.52053,1.50,2.44
2011.01.11 19:32:47.180,1.52009,1.52038,3.00,1.50
2011.01.11 19:32:47.300,1.52009,1.52038,1.50,1.50
2011.01.11 19:32:47.419,1.52009,1.52043,1.50,1.50
2011.01.11 19:32:47.650,1.52007,1.52043,1.50,1.50
2011.01.11 19:32:48.465,1.52007,1.52043,3.94,1.50
2011.01.11 19:32:48.586,1.5201,1.52043,1.88,1.50
2011.01.11 19:32:48.922,1.52014,1.52043,1.32,1.50
2011.01.11 19:32:49.260,1.52017,1.52053,1.50,1.50
2011.01.11 19:32:55.472,1.52017,1.52053,2.25,1.50
2011.01.11 19:32:56.090,1.52017,1.52053,2.44,1.50
2011.01.11 19:32:56.210,1.52017,1.52063,2.44,1.58
2011.01.11 19:32:56.438,1.52027,1.52063,1.50,3.08
2011.01.11 19:32:57.641,1.52007,1.52043,1.50,1.50
2011.01.11 19:32:58.101,1.52007,1.52043,1.50,3.19
2011.01.11 19:32:58.329,1.52007,1.52043,1.50,3.00
2011.01.11 19:32:59.408,1.52007,1.52043,1.50,3.90
2011.01.11 19:33:02.417,1.52007,1.52042,1.50,1.13
2011.01.11 19:33:03.539,1.52007,1.52043,1.50,3.98
2011.01.11 19:33:05.028,1.52007,1.52043,1.69,1.58
2011.01.11 19:33:06.009,1.52009,1.52043,1.69,1.58
2011.01.11 19:33:06.458,1.52016,1.52048,1.50,1.65
2011.01.11 19:33:07.852,1.52016,1.52048,1.50,1.65
2011.01.11 19:33:08.981,1.52016,1.52048,1.50,1.73
2011.01.11 19:33:09.102,1.52007,1.52043,1.50,1.65
2011.01.11 19:33:10.104,1.52007,1.52042,1.50,1.50
2011.01.11 19:33:10.614,1.52007,1.52043,1.50,1.50
2011.01.11 19:33:11.498,1.52007,1.52043,2.25,1.50
2011.01.11 19:33:19.290,1.52007,1.52043,4.95,1.50
2011.01.11 19:33:20.749,1.52007,1.52043,4.13,1.50
2011.01.11 19:33:23.180,1.52007,1.52043,2.78,1.50
2011.01.11 19:33:25.066,1.52007,1.52043,2.78,1.50
2011.01.11 19:33:25.729,1.52011,1.52043,1.13,1.50
2011.01.11 19:33:26.899,1.52011,1.52044,1.13,1.50
2011.01.11 19:33:28.077,1.52011,1.52044,1.20,1.50
2011.01.11 19:33:29.137,1.5201,1.52044,2.78,1.50
2011.01.11 19:33:30.018,1.52012,1.52044,1.28,1.50
2011.01.11 19:33:30.611,1.52012,1.52044,1.20,1.50
2011.01.11 19:33:38.699,1.52011,1.52044,1.13,1.50
2011.01.11 19:33:38.932,1.52007,1.52043,1.65,1.50
2011.01.11 19:33:39.269,1.52007,1.52043,1.50,1.69
2011.01.11 19:33:40.560,1.52007,1.52043,1.58,1.69
2011.01.11 19:33:41.560,1.52007,1.52043,1.58,1.50
2011.01.11 19:33:42.627,1.52012,1.52043,2.40,1.50
2011.01.11 19:33:42.955,1.52016,1.52043,1.50,1.50
2011.01.11 19:33:46.839,1.52016,1.52043,1.58,1.50
2011.01.11 19:33:46.960,1.52017,1.52053,1.58,1.50
2011.01.11 19:33:47.188,1.52017,1.52053,1.50,2.44
2011.01.11 19:33:48.251,1.52011,1.52044,2.63,1.50
2011.01.11 19:33:48.587,1.52014,1.52044,1.50,1.50
2011.01.11 19:33:48.919,1.52014,1.52044,1.58,1.50
2011.01.11 19:33:50.791,1.52014,1.52044,1.58,1.50
2011.01.11 19:33:50.908,1.52014,1.52044,1.50,1.50
2011.01.11 19:33:52.703,1.52017,1.52053,1.50,1.50
2011.01.11 19:33:54.437,1.52017,1.52053,2.70,1.50
2011.01.11 19:33:55.345,1.52017,1.52053,2.70,1.50
2011.01.11 19:33:55.471,1.52027,1.52063,1.50,1.50
2011.01.11 19:33:57.108,1.52027,1.52063,1.65,1.50
2011.01.11 19:33:58.223,1.52027,1.52063,3.83,1.50
2011.01.11 19:33:58.779,1.52027,1.52063,2.25,1.50
2011.01.11 19:33:59.259,1.52027,1.52063,2.59,1.50
2011.01.11 19:34:00.119,1.52036,1.52072,1.50,1.50
2011.01.11 19:34:01.039,1.52036,1.52074,1.50,1.50
2011.01.11 19:34:02.051,1.52036,1.52074,1.65,1.50
2011.01.11 19:34:02.621,1.52036,1.52074,1.50,1.50
2011.01.11 19:34:04.281,1.52036,1.52074,1.50,3.94
2011.01.11 19:34:04.401,1.52031,1.52073,1.50,3.57
2011.01.11 19:34:04.519,1.52027,1.52069,1.50,1.02
2011.01.11 19:34:05.098,1.52022,1.52054,1.50,1.50
2011.01.11 19:34:05.648,1.52023,1.52054,1.50,1.50
2011.01.11 19:34:08.769,1.5202,1.52054,1.50,1.50
2011.01.11 19:34:17.074,1.52019,1.52054,1.50,1.69
2011.01.11 19:34:17.657,1.52016,1.52054,1.50,1.50
2011.01.11 19:34:19.352,1.52016,1.52054,1.50,1.65
2011.01.11 19:34:20.338,1.52016,1.52054,1.50,1.50
2011.01.11 19:34:22.631,1.52018,1.52059,1.50,1.84
2011.01.11 19:34:22.752,1.52026,1.52059,1.50,1.92
2011.01.11 19:34:23.328,1.52026,1.52056,1.50,1.50
2011.01.11 19:34:23.558,1.52016,1.52054,1.50,1.50
2011.01.11 19:34:24.312,1.52016,1.52054,1.50,1.58
2011.01.11 19:34:27.028,1.52006,1.52044,1.50,1.69
2011.01.11 19:34:27.916,1.52006,1.52044,1.69,1.50
2011.01.11 19:34:28.039,1.52009,1.52044,1.69,1.50
2011.01.11 19:34:28.159,1.52016,1.52053,1.50,1.58
2011.01.11 19:34:30.374,1.52016,1.52049,1.50,1.50
2011.01.11 19:34:32.859,1.52016,1.52049,1.50,1.58
2011.01.11 19:34:32.984,1.52006,1.52041,1.50,1.69
2011.01.11 19:34:33.101,1.52006,1.52041,1.50,1.77
2011.01.11 19:34:33.550,1.52006,1.52033,1.50,1.50
2011.01.11 19:34:36.328,1.52006,1.52036,1.50,1.50
2011.01.11 19:34:37.214,1.51997,1.52033,1.50,1.50
2011.01.11 19:34:38.906,1.51997,1.52033,1.50,2.44
2011.01.11 19:34:39.032,1.51971,1.52013,1.50,1.69
2011.01.11 19:34:39.155,1.51971,1.52004,1.50,1.50
2011.01.11 19:34:39.708,1.51968,1.52004,1.69,1.50
2011.01.11 19:34:39.829,1.51977,1.52013,1.50,2.52
2011.01.11 19:34:43.940,1.51977,1.52012,1.50,1.50
2011.01.11 19:34:44.170,1.51977,1.52012,1.50,2.44
2011.01.11 19:34:44.400,1.51966,1.52004,1.50,2.52
2011.01.11 19:34:45.025,1.51966,1.52003,1.50,2.07
2011.01.11 19:34:45.251,1.51956,1.51994,1.50,1.50
2011.01.11 19:34:45.370,1.51956,1.51994,1.69,1.50
2011.01.11 19:34:45.492,1.51956,1.51994,1.50,1.50
2011.01.11 19:34:45.941,1.51956,1.51994,1.69,1.50
2011.01.11 19:34:46.790,1.51956,1.51993,1.50,1.50
2011.01.11 19:34:50.937,1.51956,1.51994,1.50,1.50
2011.01.11 19:34:56.632,1.51946,1.51984,3.00,1.50
2011.01.11 19:34:57.267,1.51947,1.51984,2.63,1.50
2011.01.11 19:34:58.578,1.51948,1.51984,2.25,1.50
2011.01.11 19:34:58.920,1.51956,1.51994,1.50,1.50
2011.01.11 19:34:59.708,1.51956,1.51994,3.19,1.50
2011.01.11 19:35:00.755,1.51967,1.52,1.50,1.50
2011.01.11 19:35:02.231,1.51967,1.52003,1.50,3.00
2011.01.11 19:35:04.122,1.51976,1.52007,1.50,1.50
2011.01.11 19:35:05.032,1.51976,1.52013,3.19,1.50
2011.01.11 19:35:05.141,1.51987,1.52015,1.50,1.50
2011.01.11 19:35:05.479,1.51987,1.52013,1.50,1.50
2011.01.11 19:35:06.219,1.51987,1.52014,1.50,1.50
2011.01.11 19:35:08.058,1.51987,1.52016,1.69,1.50
2011.01.11 19:35:08.173,1.51987,1.52016,1.50,1.50
2011.01.11 19:35:08.740,1.51987,1.52023,1.50,3.94
2011.01.11 19:35:08.870,1.51988,1.52023,1.50,3.00
2011.01.11 19:35:08.994,1.51988,1.5202,1.50,1.50
2011.01.11 19:35:09.725,1.51994,1.52023,1.50,1.50
2011.01.11 19:35:10.078,1.51988,1.5202,1.88,2.07
2011.01.11 19:35:10.192,1.51977,1.52009,1.50,1.50
2011.01.11 19:35:10.853,1.51976,1.52018,3.00,1.02
2011.01.11 19:35:10.979,1.51987,1.52023,1.50,5.82
2011.01.11 19:35:11.222,1.51979,1.5201,1.13,2.44
2011.01.11 19:35:11.452,1.51966,1.52004,2.25,1.69
2011.01.11 19:35:11.792,1.51966,1.52004,1.69,2.33
2011.01.11 19:35:12.418,1.51966,1.52004,1.50,1.50
2011.01.11 19:35:12.940,1.51967,1.52004,1.13,1.50
2011.01.11 19:35:13.279,1.51977,1.52009,1.50,2.33
2011.01.11 19:35:13.868,1.5197,1.52009,1.69,1.58
2011.01.11 19:35:14.674,1.51967,1.52004,1.69,1.50
2011.01.11 19:35:14.795,1.51973,1.52004,1.13,1.50
2011.01.11 19:35:14.910,1.51977,1.5201,1.50,1.50
2011.01.11 19:35:16.375,1.51957,1.51993,1.54,1.02
2011.01.11 19:35:17.431,1.51957,1.51993,1.54,1.58
2011.01.11 19:35:17.990,1.51957,1.51993,1.54,1.50
2011.01.11 19:35:19.282,1.51957,1.51993,1.54,1.69
2011.01.11 19:35:22.031,1.51957,1.51987,1.54,2.44
2011.01.11 19:35:23.249,1.51947,1.51978,1.59,1.09
2011.01.11 19:35:23.847,1.51947,1.5198,1.65,1.02
2011.01.11 19:35:25.419,1.51947,1.5198,1.50,1.02
2011.01.11 19:35:25.530,1.51938,1.51973,1.50,1.50
2011.01.11 19:35:27.094,1.51942,1.51984,2.89,2.33
2011.01.11 19:35:27.212,1.51947,1.51984,1.50,2.33
2011.01.11 19:35:27.442,1.51956,1.51989,1.50,2.70
2011.01.11 19:35:28.023,1.51956,1.5199,1.50,1.02
2011.01.11 19:35:28.581,1.51956,1.51992,1.50,1.95
2011.01.11 19:35:28.811,1.51959,1.51994,1.50,1.58
2011.01.11 19:35:29.709,1.51961,1.51994,1.50,1.50
2011.01.11 19:35:31.567,1.51961,1.51994,1.58,1.50
2011.01.11 19:35:31.684,1.51958,1.51994,1.58,3.00
2011.01.11 19:35:32.459,1.51956,1.51994,3.00,1.50
2011.01.11 19:35:33.549,1.51956,1.51994,3.08,1.50
2011.01.11 19:35:33.770,1.51956,1.51994,3.00,1.69
2011.01.11 19:35:34.110,1.51956,1.51992,1.50,1.02
2011.01.11 19:35:34.892,1.51953,1.51984,1.58,1.69
2011.01.11 19:35:35.181,1.51951,1.51984,1.50,1.77
2011.01.11 19:35:35.299,1.51951,1.51984,1.50,1.58
2011.01.11 19:35:35.779,1.51953,1.51984,1.65,1.58
2011.01.11 19:35:37.349,1.51953,1.51984,1.65,1.58
2011.01.11 19:35:38.664,1.51953,1.51984,1.50,1.58
2011.01.11 19:35:42.938,1.51957,1.51991,1.50,1.02
2011.01.11 19:35:44.478,1.51958,1.51991,1.89,1.02
2011.01.11 19:35:45.054,1.51957,1.51991,3.46,1.02
2011.01.11 19:35:45.708,1.51957,1.51991,3.54,1.02
2011.01.11 19:35:47.372,1.51957,1.51991,3.46,1.02
2011.01.11 19:35:50.243,1.51957,1.51993,5.04,1.50
2011.01.11 19:35:51.033,1.51958,1.51993,1.65,1.50
2011.01.11 19:35:52.627,1.51967,1.52001,1.50,1.02
2011.01.11 19:35:54.379,1.51958,1.51994,1.58,1.69
2011.01.11 19:35:57.980,1.51958,1.51994,1.58,1.69
2011.01.11 19:35:58.101,1.51958,1.51994,1.58,1.50
2011.01.11 19:35:59.279,1.5196,1.51994,1.50,2.44
2011.01.11 19:35:59.391,1.51957,1.51988,1.89,1.02
2011.01.11 19:35:59.948,1.5195,1.51987,1.92,2.07
2011.01.11 19:36:00.501,1.51947,1.51983,1.54,2.33
2011.01.11 19:36:00.732,1.51947,1.51983,1.62,1.50
2011.01.11 19:36:01.300,1.51952,1.51983,1.54,1.50
2011.01.11 19:36:03.944,1.51956,1.51992,1.50,1.02
2011.01.11 19:36:04.062,1.51951,1.51983,1.54,1.69
2011.01.11 19:36:04.405,1.51948,1.51983,1.54,2.44
2011.01.11 19:36:05.193,1.51946,1.51974,1.54,1.50
2011.01.11 19:36:05.751,1.51947,1.51983,1.62,1.69
2011.01.11 19:36:06.311,1.51948,1.51983,1.62,1.50
2011.01.11 19:36:06.432,1.51952,1.51983,1.54,1.50
2011.01.11 19:36:07.343,1.51955,1.51983,1.50,1.50
2011.01.11 19:36:07.460,1.51956,1.51994,1.50,2.33
2011.01.11 19:36:07.580,1.51958,1.51994,1.50,2.33
2011.01.11 19:36:07.701,1.51958,1.51994,1.50,1.50
2011.01.11 19:36:09.568,1.5196,1.51994,1.50,1.58
2011.01.11 19:36:09.898,1.51962,1.51994,1.50,1.58
2011.01.11 19:36:11.251,1.51967,1.52003,1.50,1.69
2011.01.11 19:36:11.369,1.51967,1.52003,3.00,1.50
2011.01.11 19:36:11.589,1.51969,1.52003,1.50,1.50
2011.01.11 19:36:11.929,1.51976,1.52003,1.13,1.50
2011.01.11 19:36:12.599,1.51976,1.52014,2.63,1.50
2011.01.11 19:36:12.732,1.51977,1.52014,1.50,1.50
2011.01.11 19:36:13.349,1.51974,1.52014,1.50,2.44
2011.01.11 19:36:13.471,1.51974,1.52005,1.50,1.50
2011.01.11 19:36:13.589,1.51976,1.52005,1.50,1.50
2011.01.11 19:36:13.710,1.51976,1.52014,1.50,1.50
2011.01.11 19:36:13.832,1.51986,1.52017,1.50,1.02
2011.01.11 19:36:14.170,1.51986,1.52015,1.50,1.02
2011.01.11 19:36:14.291,1.51986,1.52017,1.50,1.02
2011.01.11 19:36:14.873,1.51986,1.5202,1.50,1.02
2011.01.11 19:36:15.428,1.51979,1.5202,1.20,1.02
2011.01.11 19:36:15.540,1.51979,1.52014,1.13,1.69
2011.01.11 19:36:15.987,1.51976,1.52014,1.50,3.19
2011.01.11 19:36:16.759,1.51976,1.52014,1.58,3.19
2011.01.11 19:36:16.990,1.51976,1.52014,3.08,1.50
2011.01.11 19:36:17.658,1.51976,1.52014,4.28,1.50
2011.01.11 19:36:17.791,1.51976,1.52014,4.20,1.50
2011.01.11 19:36:23.304,1.51976,1.52014,1.50,1.69
2011.01.11 19:36:25.040,1.51976,1.52014,1.50,2.44
2011.01.11 19:36:25.651,1.51969,1.52004,1.50,1.69
2011.01.11 19:36:28.288,1.51969,1.52004,1.58,1.69
2011.01.11 19:36:30.170,1.51968,1.52004,1.58,1.69
2011.01.11 19:36:31.338,1.51966,1.52004,1.50,1.69
2011.01.11 19:36:34.748,1.51966,1.52004,1.50,2.44
2011.01.11 19:36:36.989,1.51966,1.52004,1.50,2.44
2011.01.11 19:36:38.310,1.51958,1.51993,1.58,2.44
2011.01.11 19:36:38.985,1.51957,1.51993,1.50,2.52
2011.01.11 19:36:42.377,1.51957,1.51993,1.58,2.52
2011.01.11 19:36:45.258,1.51957,1.51993,1.50,2.52
2011.01.11 19:36:45.728,1.51957,1.51993,1.50,1.77
2011.01.11 19:36:46.059,1.51957,1.51993,1.50,2.52
2011.01.11 19:36:47.489,1.51957,1.51993,1.50,2.52
2011.01.11 19:36:48.049,1.51957,1.51991,1.50,1.02
2011.01.11 19:36:49.388,1.51957,1.51991,1.58,1.02
2011.01.11 19:36:49.966,1.51957,1.51993,1.58,1.58
2011.01.11 19:36:50.081,1.51957,1.51993,1.50,2.52
2011.01.11 19:36:51.379,1.51957,1.51993,1.58,2.52
2011.01.11 19:36:51.820,1.51957,1.51993,1.50,2.52
2011.01.11 19:36:53.049,1.51957,1.51993,1.50,1.77
2011.01.11 19:36:55.763,1.5195,1.51983,1.54,1.50
2011.01.11 19:37:02.710,1.51956,1.51994,1.50,1.77
2011.01.11 19:37:06.911,1.51956,1.51994,1.50,1.69
2011.01.11 19:37:07.041,1.51956,1.51994,1.50,1.65
2011.01.11 19:37:07.168,1.51956,1.51994,2.25,1.50
2011.01.11 19:37:07.282,1.51956,1.51994,1.50,1.50
2011.01.11 19:37:07.843,1.51956,1.51992,1.50,1.02
2011.01.11 19:37:08.106,1.51947,1.51993,3.04,8.85
2011.01.11 19:37:08.579,1.51957,1.51993,1.50,8.85
2011.01.11 19:37:08.708,1.51957,1.5199,1.50,1.58
2011.01.11 19:37:09.830,1.51957,1.5199,1.50,1.65
2011.01.11 19:37:10.177,1.51946,1.51984,2.29,1.50
2011.01.11 19:37:10.754,1.51946,1.51983,2.29,2.59
2011.01.11 19:37:10.881,1.51946,1.51982,1.54,1.50
2011.01.11 19:37:11.934,1.51946,1.51984,1.54,3.00
2011.01.11 19:37:12.870,1.51944,1.51974,2.02,1.50
2011.01.11 19:37:13.439,1.51944,1.51974,1.54,1.50
2011.01.11 19:37:15.620,1.51946,1.51984,2.29,2.44
2011.01.11 19:37:15.730,1.51946,1.51984,2.29,1.50
2011.01.11 19:37:21.930,1.51946,1.51982,1.54,1.50
2011.01.11 19:37:22.269,1.51942,1.51974,1.63,1.50
2011.01.11 19:37:27.519,1.51946,1.51984,2.29,1.69
2011.01.11 19:37:33.659,1.51947,1.51984,1.54,1.50
2011.01.11 19:37:44.505,1.51947,1.51983,1.54,1.50
2011.01.11 19:37:53.778,1.51954,1.51984,1.54,1.50
2011.01.11 19:37:54.559,1.51956,1.51984,1.50,1.50
2011.01.11 19:38:02.909,1.51953,1.51984,1.54,1.50
2011.01.11 19:38:03.026,1.51956,1.51984,1.50,1.50
2011.01.11 19:38:03.141,1.51951,1.51984,2.29,1.50
2011.01.11 19:38:03.369,1.51953,1.51984,1.92,1.50
2011.01.11 19:38:04.226,1.51958,1.51984,1.13,1.50
2011.01.11 19:38:04.779,1.51956,1.51984,1.50,1.50
2011.01.11 19:38:06.871,1.51956,1.51984,1.50,1.50
2011.01.11 19:38:07.605,1.51958,1.51994,2.25,1.50
2011.01.11 19:38:08.642,1.51959,1.51994,1.95,1.50
2011.01.11 19:38:09.337,1.51964,1.51994,1.13,1.50
2011.01.11 19:38:11.498,1.51961,1.51994,1.88,1.50
2011.01.11 19:38:11.840,1.51965,1.51994,1.88,1.50
2011.01.11 19:38:14.101,1.51966,1.52004,2.25,1.50
2011.01.11 19:38:14.227,1.51966,1.52004,2.25,1.50
2011.01.11 19:38:14.868,1.51966,1.52004,1.50,1.50
2011.01.11 19:38:14.978,1.51964,1.51993,2.25,1.50
2011.01.11 19:38:20.768,1.51965,1.51993,1.50,1.50
2011.01.11 19:38:26.379,1.51966,1.51993,1.88,1.50
2011.01.11 19:38:30.588,1.51967,1.52003,2.25,1.50
2011.01.11 19:38:32.470,1.51967,1.52003,2.25,1.50
2011.01.11 19:38:33.156,1.51973,1.52003,1.88,1.50
2011.01.11 19:38:33.601,1.51977,1.52003,1.88,1.50
2011.01.11 19:38:33.829,1.51977,1.52003,1.88,1.50
2011.01.11 19:38:34.059,1.51976,1.52014,2.25,1.50
2011.01.11 19:38:52.019,1.51977,1.52013,2.25,1.50
2011.01.11 19:38:52.269,1.51977,1.52013,2.25,1.50
2011.01.11 19:38:53.158,1.51977,1.52013,2.25,1.50
2011.01.11 19:39:00.985,1.51977,1.52013,2.33,1.50
2011.01.11 19:39:01.699,1.51981,1.52013,1.13,1.50
2011.01.11 19:39:02.258,1.51977,1.52013,2.25,1.50
2011.01.11 19:39:02.790,1.51977,1.52013,2.25,1.50
2011.01.11 19:39:04.039,1.51977,1.52013,2.25,1.50
2011.01.11 19:39:04.490,1.51977,1.52013,1.58,1.50
2011.01.11 19:39:04.609,1.51977,1.52013,2.33,1.50
2011.01.11 19:39:06.547,1.51977,1.52013,2.33,1.50
2011.01.11 19:39:07.100,1.5198,1.52013,1.95,1.50
2011.01.11 19:39:08.461,1.51986,1.52024,1.50,3.00
2011.01.11 19:39:09.021,1.51986,1.52023,1.50,1.50
2011.01.11 19:39:09.251,1.51986,1.52024,2.25,1.50
2011.01.11 19:39:11.169,1.51987,1.52024,1.88,1.50
2011.01.11 19:39:11.611,1.51986,1.52024,2.33,1.50
2011.01.11 19:39:12.376,1.51986,1.52024,2.25,1.50
2011.01.11 19:39:13.370,1.51986,1.52024,2.33,1.50
2011.01.11 19:39:15.119,1.51986,1.52024,2.33,1.50
2011.01.11 19:39:15.468,1.51997,1.52029,1.50,1.50
2011.01.11 19:39:17.770,1.51997,1.52029,1.58,1.50
2011.01.11 19:39:18.338,1.51987,1.52023,1.58,1.50
2011.01.11 19:39:19.010,1.51988,1.52023,1.13,1.50
2011.01.11 19:39:20.079,1.51987,1.52023,2.33,1.50
2011.01.11 19:39:21.753,1.51987,1.52023,1.58,1.50
2011.01.11 19:39:23.869,1.51989,1.52023,1.13,1.50
2011.01.11 19:39:24.411,1.51989,1.52023,1.88,1.50
2011.01.11 19:39:29.619,1.51987,1.52023,2.33,1.50
2011.01.11 19:39:30.805,1.51997,1.52027,1.50,1.50
2011.01.11 19:39:32.268,1.51997,1.52025,1.50,1.50
2011.01.11 19:39:38.458,1.51997,1.52022,1.50,1.50
2011.01.11 19:39:40.491,1.51997,1.52021,1.50,1.50
2011.01.11 19:39:41.276,1.51997,1.52018,1.50,1.50
2011.01.11 19:39:41.611,1.51987,1.52018,1.50,1.50
2011.01.11 19:39:41.728,1.51987,1.52016,1.50,1.50
2011.01.11 19:39:42.830,1.51987,1.5202,1.50,1.50
2011.01.11 19:39:42.955,1.51987,1.52023,1.50,3.08
2011.01.11 19:39:43.070,1.51987,1.52018,1.50,1.50
2011.01.11 19:39:44.044,1.51987,1.5202,1.50,1.50
2011.01.11 19:39:48.131,1.51987,1.52019,1.50,1.50
2011.01.11 19:39:48.249,1.51987,1.52016,1.50,1.50
2011.01.11 19:39:48.357,1.51987,1.52019,1.50,1.50
2011.01.11 19:39:54.772,1.51987,1.52016,1.50,1.50
2011.01.11 19:39:55.117,1.51987,1.52014,1.50,1.50
2011.01.11 19:39:59.707,1.51986,1.52014,1.50,1.50
2011.01.11 19:40:05.495,1.51986,1.52023,1.50,1.50
2011.01.11 19:40:08.831,1.51986,1.52022,1.50,3.38
2011.01.11 19:40:08.953,1.51987,1.52022,1.50,3.45
2011.01.11 19:40:09.539,1.51987,1.52019,1.50,1.50
2011.01.11 19:40:09.979,1.51987,1.52023,1.50,3.00
2011.01.11 19:40:11.281,1.51987,1.52023,1.69,3.00
2011.01.11 19:40:11.618,1.51996,1.52023,1.50,1.50
2011.01.11 19:40:11.998,1.51996,1.52026,1.50,1.58
2011.01.11 19:40:17.758,1.51986,1.52023,1.50,1.50
2011.01.11 19:40:18.337,1.51987,1.52023,1.50,3.00
2011.01.11 19:40:26.170,1.51997,1.52025,1.50,1.50
2011.01.11 19:40:27.598,1.51997,1.52026,1.50,1.58
2011.01.11 19:40:27.823,1.51997,1.52033,1.69,3.08
2011.01.11 19:40:28.379,1.51997,1.52033,1.50,3.00
2011.01.11 19:40:30.442,1.51997,1.52031,1.50,1.50
2011.01.11 19:40:31.982,1.51987,1.52032,2.25,1.50
2011.01.11 19:40:32.109,1.51987,1.52029,2.25,1.50
2011.01.11 19:40:32.439,1.51986,1.52024,2.25,1.50
2011.01.11 19:40:34.809,1.51986,1.52024,2.25,1.50
2011.01.11 19:40:36.528,1.5198,1.52014,1.50,1.50
2011.01.11 19:40:37.341,1.51978,1.52014,1.50,1.50
2011.01.11 19:40:37.470,1.51986,1.52024,1.50,1.50
2011.01.11 19:40:43.586,1.51986,1.52023,1.50,1.50
2011.01.11 19:40:48.369,1.51986,1.52022,1.50,1.13
2011.01.11 19:40:49.023,1.51986,1.52023,1.50,1.50
2011.01.11 19:40:50.159,1.51986,1.5202,1.50,1.50
2011.01.11 19:40:52.621,1.51986,1.52015,1.50,2.52
2011.01.11 19:40:52.749,1.51969,1.52013,2.63,2.14
2011.01.11 19:40:52.863,1.51976,1.52013,1.50,2.14
2011.01.11 19:40:55.216,1.51976,1.52012,1.50,1.77
2011.01.11 19:40:55.730,1.51976,1.52012,1.50,1.58
2011.01.11 19:40:59.510,1.51976,1.52012,1.50,2.33
2011.01.11 19:41:08.251,1.51967,1.52003,2.25,1.50
2011.01.11 19:41:15.090,1.51977,1.52013,2.25,1.58
2011.01.11 19:41:15.218,1.51977,1.52013,2.25,1.50
2011.01.11 19:41:15.740,1.51977,1.52013,1.50,1.50
2011.01.11 19:41:30.010,1.51977,1.52013,2.25,1.50
2011.01.11 19:41:31.423,1.51977,1.52013,1.50,1.50
2011.01.11 19:41:36.212,1.51973,1.52011,1.50,1.02
2011.01.11 19:41:36.553,1.51974,1.52003,1.50,1.50
2011.01.11 19:41:37.208,1.51969,1.52003,1.50,1.50
2011.01.11 19:41:38.212,1.51967,1.52003,3.75,1.69
2011.01.11 19:41:38.660,1.51971,1.52003,1.50,1.50
2011.01.11 19:41:38.999,1.51968,1.52003,1.50,1.50
2011.01.11 19:41:39.109,1.5197,1.52003,1.50,1.50
2011.01.11 19:41:40.013,1.51967,1.52003,3.75,1.50
2011.01.11 19:41:40.802,1.51972,1.52003,1.50,1.50
2011.01.11 19:41:41.032,1.51967,1.52003,2.25,1.50
2011.01.11 19:41:41.542,1.51969,1.52003,1.50,1.50
2011.01.11 19:41:46.829,1.51968,1.52003,1.50,1.50
2011.01.11 19:41:47.290,1.51968,1.52003,2.25,1.50
2011.01.11 19:41:47.630,1.51973,1.52003,1.88,1.50
2011.01.11 19:41:48.305,1.51977,1.52013,3.75,1.50
2011.01.11 19:41:50.288,1.51977,1.52013,2.25,1.50
2011.01.11 19:41:51.270,1.51977,1.52013,2.44,1.50
2011.01.11 19:41:55.519,1.51977,1.52013,2.44,1.50
2011.01.11 19:42:03.089,1.5198,1.52013,2.25,1.50
2011.01.11 19:42:03.202,1.5198,1.52013,2.25,1.50
2011.01.11 19:42:03.320,1.51983,1.52013,1.50,1.50
2011.01.11 19:42:03.889,1.51993,1.52024,1.50,1.50
2011.01.11 19:42:06.139,1.5199,1.52024,1.50,1.69
2011.01.11 19:42:06.810,1.51991,1.52024,1.50,1.50
2011.01.11 19:42:08.061,1.51994,1.52024,1.50,1.50
2011.01.11 19:42:08.503,1.51992,1.52024,2.25,1.50
2011.01.11 19:42:09.308,1.51994,1.52024,1.50,1.50
2011.01.11 19:42:15.998,1.51992,1.52024,2.25,1.50
2011.01.11 19:42:16.570,1.51993,1.52024,1.50,1.50
2011.01.11 19:42:16.677,1.51997,1.52033,1.50,1.69
2011.01.11 19:42:17.444,1.51997,1.52033,1.50,1.69
2011.01.11 19:42:19.448,1.51997,1.52033,1.50,1.50
2011.01.11 19:42:24.920,1.51997,1.52033,3.00,2.44
2011.01.11 19:42:25.786,1.51997,1.5203,3.00,1.69
2011.01.11 19:42:26.351,1.51997,1.52033,3.00,1.69
2011.01.11 19:42:26.689,1.51997,1.52033,3.00,2.44
2011.01.11 19:42:27.389,1.51997,1.52029,1.50,1.50
2011.01.11 19:42:28.982,1.51997,1.52033,1.50,1.50
2011.01.11 19:42:31.757,1.51997,1.52033,1.50,2.44
2011.01.11 19:42:31.880,1.51988,1.52023,2.25,1.50
2011.01.11 19:42:32.111,1.51988,1.52023,1.50,1.50
2011.01.11 19:42:32.669,1.51987,1.52023,1.50,1.50
2011.01.11 19:42:41.367,1.51982,1.52013,1.50,1.50
2011.01.11 19:42:41.589,1.51979,1.52013,1.50,1.50
2011.01.11 19:42:47.427,1.51977,1.52013,3.83,1.50
2011.01.11 19:42:51.692,1.51977,1.52013,3.90,1.50
2011.01.11 19:42:56.639,1.51977,1.52013,3.75,1.50
2011.01.11 19:42:56.751,1.5198,1.52013,1.50,1.50
2011.01.11 19:42:57.558,1.51982,1.52013,1.50,1.50
2011.01.11 19:43:06.261,1.51982,1.52013,2.44,1.50
2011.01.11 19:43:06.599,1.51981,1.52013,3.57,1.50
2011.01.11 19:43:06.820,1.51987,1.52023,2.25,1.50
2011.01.11 19:43:12.689,1.51987,1.52023,2.25,1.50
2011.01.11 19:43:17.298,1.51987,1.52023,2.25,1.50
2011.01.11 19:43:21.348,1.51987,1.52023,1.50,1.50
2011.01.11 19:43:33.899,1.51987,1.52023,3.57,1.50
2011.01.11 19:43:35.328,1.51987,1.52023,2.44,1.50
2011.01.11 19:43:38.148,1.51987,1.52023,2.25,1.50
2011.01.11 19:43:40.119,1.51997,1.52033,1.50,1.50
2011.01.11 19:43:50.851,1.51997,1.52029,1.50,1.13
2011.01.11 19:43:51.629,1.51997,1.52033,1.50,2.63
2011.01.11 19:43:58.183,1.51988,1.52034,1.50,1.77
2011.01.11 19:43:58.301,1.51986,1.52028,2.25,1.95
2011.01.11 19:44:04.171,1.51986,1.52024,1.50,1.77
2011.01.11 19:44:04.789,1.51986,1.52022,1.50,1.09
2011.01.11 19:44:05.130,1.51979,1.52013,1.50,1.50
2011.01.11 19:44:09.369,1.5198,1.52013,1.50,1.50
2011.01.11 19:44:22.791,1.51977,1.52013,2.25,1.50
2011.01.11 19:44:22.911,1.51985,1.52013,1.50,1.50
2011.01.11 19:44:25.089,1.51982,1.52013,1.50,1.50
2011.01.11 19:44:26.633,1.51975,1.52013,1.50,1.50
2011.01.11 19:44:27.306,1.51976,1.52014,1.50,1.50
2011.01.11 19:44:27.859,1.51977,1.52014,1.50,1.50
2011.01.11 19:44:28.683,1.51976,1.52014,3.00,1.50
2011.01.11 19:44:30.107,1.51982,1.52014,2.25,1.50
2011.01.11 19:44:30.332,1.51986,1.52024,1.50,1.50
2011.01.11 19:44:31.226,1.51988,1.52024,1.50,1.50
2011.01.11 19:44:31.804,1.51988,1.52024,2.25,1.50
2011.01.11 19:44:32.139,1.51987,1.52024,1.50,1.50
2011.01.11 19:44:32.691,1.51986,1.52024,3.00,1.50
2011.01.11 19:44:33.273,1.51986,1.52024,3.75,1.50
2011.01.11 19:44:37.531,1.51986,1.52024,3.75,1.50
2011.01.11 19:44:38.163,1.51985,1.52024,1.50,1.50
2011.01.11 19:44:38.289,1.51985,1.52014,1.50,1.50
2011.01.11 19:44:38.620,1.51987,1.52023,3.00,2.44
2011.01.11 19:44:39.218,1.51982,1.52013,1.50,2.44
2011.01.11 19:44:39.340,1.51978,1.52008,1.50,1.02
2011.01.11 19:44:39.671,1.51976,1.52008,3.00,1.02
2011.01.11 19:44:40.259,1.51976,1.52008,3.00,1.02
2011.01.11 19:44:41.581,1.51977,1.52006,1.50,1.02
2011.01.11 19:44:41.814,1.51977,1.52014,2.25,2.89
2011.01.11 19:44:41.934,1.51988,1.52024,1.50,1.58
2011.01.11 19:44:42.519,1.51997,1.52033,1.50,1.50
2011.01.11 19:44:44.434,1.51998,1.52033,1.50,1.50
2011.01.11 19:44:49.230,1.51997,1.52033,1.69,1.58
2011.01.11 19:44:49.950,1.51994,1.52033,2.63,1.69
2011.01.11 19:44:50.073,1.51987,1.52023,1.13,2.33
2011.01.11 19:44:51.053,1.51987,1.52023,1.69,1.50
2011.01.11 19:44:51.170,1.51986,1.52031,3.19,1.95
2011.01.11 19:44:51.757,1.51997,1.52033,1.50,2.63
2011.01.11 19:44:52.919,1.51997,1.5203,1.50,1.13
2011.01.11 19:44:53.263,1.51997,1.52033,1.50,1.50
2011.01.11 19:44:53.492,1.51997,1.5203,1.50,1.13
2011.01.11 19:44:55.002,1.51997,1.52032,1.50,1.13
2011.01.11 19:44:55.254,1.51989,1.52033,1.50,1.50
2011.01.11 19:44:55.480,1.51989,1.52023,1.50,1.50
2011.01.11 19:44:56.114,1.51991,1.52023,1.50,1.50
2011.01.11 19:44:56.449,1.51993,1.52023,2.25,1.50
2011.01.11 19:44:59.790,1.51996,1.52033,1.50,1.13
2011.01.11 19:45:00.381,1.51996,1.52034,1.50,1.50
2011.01.11 19:45:06.479,1.51997,1.52035,1.50,1.13
2011.01.11 19:45:06.591,1.52007,1.52035,1.50,1.13
2011.01.11 19:45:07.240,1.51997,1.52031,1.50,1.13
2011.01.11 19:45:07.365,1.51997,1.52033,1.50,1.50
2011.01.11 19:45:11.080,1.51997,1.5203,1.50,1.13
2011.01.11 19:45:11.787,1.51997,1.52031,1.50,1.20
2011.01.11 19:45:11.914,1.51986,1.52024,1.50,2.33
2011.01.11 19:45:12.795,1.51986,1.52021,1.50,1.58
2011.01.11 19:45:13.359,1.51986,1.52024,1.50,2.33
2011.01.11 19:45:17.703,1.51986,1.52019,1.50,2.52
2011.01.11 19:45:18.498,1.51977,1.52011,1.50,1.95
2011.01.11 19:45:18.612,1.51977,1.52011,1.50,1.95
2011.01.11 19:45:18.961,1.51967,1.52003,1.54,1.58
2011.01.11 19:45:24.246,1.51967,1.52003,1.54,2.33
2011.01.11 19:45:27.934,1.51967,1.51998,1.54,1.20
2011.01.11 19:45:28.593,1.51957,1.51993,1.59,1.58
2011.01.11 19:45:34.465,1.51959,1.51989,1.60,1.02
2011.01.11 19:45:34.592,1.51961,1.51993,1.65,1.20
2011.01.11 19:45:34.714,1.51957,1.51994,1.50,2.89
2011.01.11 19:45:35.642,1.51957,1.51993,3.00,1.77
2011.01.11 19:45:36.193,1.51957,1.5199,1.50,1.02
2011.01.11 19:45:36.765,1.51957,1.5199,1.50,1.02
2011.01.11 19:45:38.381,1.51957,1.51986,1.50,1.02
2011.01.11 19:45:38.714,1.51947,1.51984,1.54,1.58
2011.01.11 19:45:39.293,1.51946,1.51984,1.54,1.58
2011.01.11 19:45:42.882,1.51948,1.51984,1.54,1.58
2011.01.11 19:45:43.576,1.51956,1.51992,1.50,1.95
2011.01.11 19:45:47.040,1.51956,1.51994,1.50,4.95
2011.01.11 19:45:53.972,1.51956,1.51991,1.50,7.54
2011.01.11 19:45:54.653,1.51956,1.51991,1.50,3.45
2011.01.11 19:45:57.277,1.51956,1.51986,1.50,1.13
2011.01.11 19:45:57.641,1.51946,1.51984,1.50,2.25
2011.01.11 19:45:58.211,1.51946,1.51984,1.50,2.33
2011.01.11 19:45:59.035,1.51946,1.51984,1.50,1.58
2011.01.11 19:46:09.512,1.51957,1.51987,1.50,3.53
2011.01.11 19:46:10.238,1.51957,1.51987,1.50,2.03
2011.01.11 19:46:12.043,1.51946,1.51984,1.50,2.48
2011.01.11 19:46:16.025,1.51946,1.51984,1.50,2.33
2011.01.11 19:46:23.429,1.51946,1.51981,1.50,1.88
2011.01.11 19:46:24.082,1.51946,1.51984,1.50,11.22
2011.01.11 19:46:29.760,1.51947,1.51983,1.50,2.33
2011.01.11 19:46:43.536,1.51948,1.51981,1.69,1.13
2011.01.11 19:46:43.874,1.5196,1.51995,1.50,1.88
2011.01.11 19:46:44.337,1.51966,1.51998,1.50,2.29
2011.01.11 19:46:44.458,1.51957,1.51994,1.50,1.50
2011.01.11 19:46:44.581,1.51962,1.51994,1.50,1.50
2011.01.11 19:46:44.695,1.51959,1.51994,1.50,1.50
2011.01.11 19:46:44.814,1.51962,1.51994,1.50,1.50
2011.01.11 19:46:45.522,1.51966,1.52004,1.50,2.33
2011.01.11 19:46:47.132,1.51962,1.51994,1.50,1.50
2011.01.11 19:46:47.362,1.5196,1.51994,1.50,1.50
2011.01.11 19:46:48.332,1.51956,1.51994,1.50,1.50
2011.01.11 19:46:49.936,1.5196,1.51994,1.50,1.50
2011.01.11 19:46:51.441,1.51957,1.51994,1.50,1.50
2011.01.11 19:46:53.343,1.51958,1.51994,1.50,1.50
2011.01.11 19:46:53.986,1.5196,1.51994,1.50,1.50
2011.01.11 19:46:55.082,1.51966,1.51999,1.50,1.02
2011.01.11 19:46:55.811,1.51966,1.52004,1.50,1.58
2011.01.11 19:46:57.897,1.51969,1.52004,1.50,1.58
2011.01.11 19:46:58.241,1.51976,1.52011,1.50,1.20
2011.01.11 19:47:00.844,1.51966,1.52004,1.50,1.58
2011.01.11 19:47:00.975,1.51986,1.52017,1.50,1.20
2011.01.11 19:47:01.093,1.51986,1.52019,1.50,6.53
2011.01.11 19:47:02.078,1.51986,1.52018,1.50,1.09
2011.01.11 19:47:02.661,1.51986,1.52019,1.50,4.73
2011.01.11 19:47:06.740,1.51986,1.52024,1.50,3.83
2011.01.11 19:47:08.933,1.51996,1.52024,1.50,2.33
2011.01.11 19:47:09.814,1.51996,1.52024,1.50,1.95
2011.01.11 19:47:09.934,1.51996,1.52024,1.50,1.20
2011.01.11 19:47:10.591,1.51987,1.52022,1.50,1.50
2011.01.11 19:47:12.711,1.51987,1.52023,1.50,1.58
2011.01.11 19:47:25.728,1.51987,1.52023,1.50,1.65
2011.01.11 19:47:25.962,1.51987,1.52023,1.50,2.59
2011.01.11 19:47:30.873,1.51987,1.52029,1.50,4.13
2011.01.11 19:47:30.992,1.51996,1.52029,1.50,4.13
2011.01.11 19:47:31.889,1.51996,1.52022,1.50,1.09
2011.01.11 19:47:32.369,1.51982,1.52022,1.50,1.09
2011.01.11 19:47:32.496,1.51997,1.52029,1.50,1.58
2011.01.11 19:47:34.539,1.51997,1.52025,1.50,1.13
2011.01.11 19:47:34.657,1.51987,1.52023,1.50,1.50
2011.01.11 19:47:35.253,1.51996,1.52029,1.50,1.20
2011.01.11 19:47:35.591,1.52006,1.52029,1.50,2.70
2011.01.11 19:47:35.701,1.51996,1.52029,1.50,2.70
2011.01.11 19:47:39.533,1.51996,1.52032,1.50,1.50
2011.01.11 19:47:40.242,1.51996,1.52033,1.50,1.58
2011.01.11 19:47:40.462,1.52007,1.52031,1.50,1.50
2011.01.11 19:47:40.581,1.51996,1.52034,1.50,3.08
2011.01.11 19:47:41.022,1.51996,1.52033,1.50,1.84
2011.01.11 19:47:41.749,1.51996,1.52033,1.50,2.33
2011.01.11 19:47:41.874,1.51987,1.52029,1.50,1.58
2011.01.11 19:47:42.102,1.51997,1.52029,1.50,1.58
2011.01.11 19:47:42.684,1.51987,1.52023,1.50,1.50
2011.01.11 19:47:45.368,1.51988,1.52023,1.50,1.50
2011.01.11 19:47:45.922,1.51987,1.52023,1.50,1.50
2011.01.11 19:47:46.865,1.51987,1.52023,1.50,2.44
2011.01.11 19:47:47.444,1.52007,1.52034,1.50,1.58
2011.01.11 19:47:47.569,1.52007,1.52034,1.50,1.69
2011.01.11 19:47:47.683,1.52007,1.52034,1.50,1.69
2011.01.11 19:47:47.806,1.51996,1.52034,1.50,2.07
2011.01.11 19:47:48.315,1.51996,1.52029,1.50,1.50
2011.01.11 19:47:48.450,1.51996,1.52031,1.50,1.69
2011.01.11 19:47:48.567,1.5199,1.52023,1.88,1.50
2011.01.11 19:47:49.170,1.5199,1.52023,1.13,1.50
2011.01.11 19:47:49.299,1.51988,1.52023,1.13,1.50
2011.01.11 19:47:50.603,1.51997,1.52033,1.50,1.50
2011.01.11 19:47:51.161,1.52006,1.52039,1.50,1.88
2011.01.11 19:47:52.072,1.52006,1.52039,1.50,1.65
2011.01.11 19:47:52.522,1.52006,1.52039,1.50,1.88
2011.01.11 19:47:54.498,1.52006,1.5204,1.50,2.03
2011.01.11 19:47:55.495,1.52006,1.52038,1.50,1.65
2011.01.11 19:47:55.832,1.52006,1.52038,1.50,1.80
2011.01.11 19:47:56.325,1.52006,1.52038,1.50,1.65
2011.01.11 19:47:56.752,1.52006,1.52038,1.50,1.80
2011.01.11 19:47:56.972,1.52006,1.52036,1.50,1.50
2011.01.11 19:47:57.301,1.51997,1.52033,1.50,1.50
2011.01.11 19:48:00.833,1.51997,1.52033,1.50,2.59
2011.01.11 19:48:00.956,1.51991,1.52023,1.13,1.50
2011.01.11 19:48:01.071,1.51987,1.52023,4.13,1.50
2011.01.11 19:48:08.141,1.51997,1.52033,1.50,1.50
2011.01.11 19:48:11.286,1.51997,1.52033,1.69,1.50
2011.01.11 19:48:11.830,1.51997,1.52033,1.69,1.50
2011.01.11 19:48:11.963,1.51997,1.52033,1.50,1.50
2011.01.11 19:48:17.338,1.51997,1.52033,1.69,1.50
2011.01.11 19:48:17.460,1.51997,1.52033,1.50,1.50
2011.01.11 19:48:18.263,1.51997,1.52033,1.69,1.50
2011.01.11 19:48:22.831,1.52006,1.52039,1.50,1.65
2011.01.11 19:48:23.732,1.52006,1.52039,1.50,1.50
2011.01.11 19:48:25.021,1.52006,1.52039,1.50,1.65
2011.01.11 19:48:25.711,1.52006,1.52037,1.50,1.69
2011.01.11 19:48:25.828,1.52006,1.52037,1.50,1.58
2011.01.11 19:48:27.225,1.52008,1.52037,1.13,1.58
2011.01.11 19:48:27.345,1.52012,1.52042,1.13,1.20
2011.01.11 19:48:27.467,1.5202,1.52042,1.13,1.20
2011.01.11 19:48:28.048,1.5202,1.52048,1.13,1.50
2011.01.11 19:48:28.602,1.5202,1.52046,1.13,1.50
2011.01.11 19:48:28.712,1.52017,1.52046,1.13,1.50
2011.01.11 19:48:29.427,1.52016,1.52047,1.50,1.50
2011.01.11 19:48:29.542,1.52016,1.52049,1.50,1.50
2011.01.11 19:48:31.202,1.52018,1.52054,1.32,1.50
2011.01.11 19:48:31.531,1.52027,1.52055,1.50,1.50
2011.01.11 19:48:32.753,1.52017,1.52055,1.13,1.50
2011.01.11 19:48:32.871,1.52016,1.52053,1.50,1.50
2011.01.11 19:48:36.155,1.52016,1.5205,1.50,1.50
2011.01.11 19:48:37.634,1.52016,1.52051,1.50,1.50
2011.01.11 19:48:37.973,1.52016,1.52048,1.50,1.50
2011.01.11 19:48:38.614,1.52033,1.52054,2.07,1.50
2011.01.11 19:48:38.737,1.52038,1.52064,1.13,3.53
2011.01.11 19:48:38.855,1.52038,1.52064,1.13,3.38
2011.01.11 19:48:39.521,1.52038,1.52063,1.13,1.50
2011.01.11 19:48:40.072,1.52033,1.52063,1.13,1.50
2011.01.11 19:48:40.826,1.52027,1.52063,1.50,1.50
2011.01.11 19:48:43.444,1.52034,1.52063,1.13,1.50
2011.01.11 19:48:43.564,1.52034,1.5207,1.13,1.02
2011.01.11 19:48:44.132,1.52034,1.52069,1.13,1.50
2011.01.11 19:48:44.247,1.52036,1.52072,1.50,1.50
2011.01.11 19:48:44.361,1.52046,1.52072,1.50,1.50
2011.01.11 19:48:45.383,1.52046,1.5207,1.50,1.50
2011.01.11 19:48:45.711,1.52046,1.52068,1.50,1.50
2011.01.11 19:48:45.937,1.52037,1.52068,1.50,1.50
2011.01.11 19:48:47.391,1.52037,1.52068,1.50,1.58
2011.01.11 19:48:47.898,1.52037,1.52068,1.50,1.50
2011.01.11 19:48:53.054,1.52037,1.5207,1.50,1.95
2011.01.11 19:48:53.175,1.52037,1.52065,1.50,1.50
2011.01.11 19:48:53.925,1.52037,1.52069,1.50,2.33
2011.01.11 19:48:54.402,1.52026,1.52064,1.50,1.88
2011.01.11 19:48:58.710,1.52026,1.52064,1.50,1.50
2011.01.11 19:48:59.627,1.52027,1.52063,1.50,1.50
2011.01.11 19:49:11.985,1.52031,1.52063,2.44,1.50
2011.01.11 19:49:12.576,1.52046,1.52072,1.50,1.50
2011.01.11 19:49:12.692,1.52036,1.52072,1.50,1.50
2011.01.11 19:49:14.965,1.52036,1.52062,1.50,1.69
2011.01.11 19:49:15.086,1.52026,1.52069,1.69,1.50
2011.01.11 19:49:15.204,1.52023,1.52069,3.19,1.20
2011.01.11 19:49:15.323,1.5202,1.52069,1.69,1.20
2011.01.11 19:49:15.796,1.52037,1.52069,1.50,1.20
2011.01.11 19:49:15.921,1.52027,1.52063,1.50,1.50
2011.01.11 19:49:18.273,1.52027,1.52063,1.50,1.88
2011.01.11 19:49:18.873,1.52027,1.52063,1.50,1.88
2011.01.11 19:49:20.732,1.52027,1.52063,3.19,1.50
2011.01.11 19:49:20.853,1.5202,1.52064,2.07,1.88
2011.01.11 19:49:20.973,1.52026,1.52064,1.50,1.88
2011.01.11 19:49:22.399,1.52018,1.52063,1.69,1.88
2011.01.11 19:49:22.958,1.52017,1.52053,1.50,1.50
2011.01.11 19:49:25.093,1.52018,1.52063,2.44,1.88
2011.01.11 19:49:25.217,1.52026,1.52064,1.50,1.88
2011.01.11 19:49:27.397,1.52026,1.52064,1.50,1.88
2011.01.11 19:49:28.338,1.52026,1.52064,1.50,1.50
2011.01.11 19:49:28.682,1.52017,1.52053,1.50,1.50
2011.01.11 19:49:29.569,1.52018,1.52058,1.50,1.58
2011.01.11 19:49:29.922,1.52017,1.52051,1.50,1.32
2011.01.11 19:49:30.766,1.52017,1.52047,1.50,1.02
2011.01.11 19:49:32.688,1.52017,1.52053,1.50,2.70
2011.01.11 19:49:34.352,1.52017,1.52052,1.50,4.65
2011.01.11 19:49:36.125,1.52017,1.52043,1.50,2.44
2011.01.11 19:49:36.249,1.52001,1.5204,1.88,1.32
2011.01.11 19:49:36.474,1.51997,1.52037,3.38,1.02
2011.01.11 19:49:36.591,1.51997,1.52033,4.88,1.50
2011.01.11 19:49:36.921,1.51999,1.52033,1.50,1.50
2011.01.11 19:49:40.153,1.51997,1.52031,1.50,1.02
2011.01.11 19:49:40.722,1.51997,1.52032,1.50,1.02
2011.01.11 19:49:41.110,1.51997,1.52031,1.50,1.77
2011.01.11 19:49:41.797,1.51996,1.52023,1.50,1.50
2011.01.11 19:49:44.376,1.51993,1.52023,1.50,1.50
2011.01.11 19:49:46.021,1.5199,1.52023,1.50,1.50
2011.01.11 19:49:46.599,1.51993,1.52023,1.50,1.50
2011.01.11 19:49:59.831,1.51991,1.52023,1.50,1.50
2011.01.11 19:50:00.428,1.51991,1.52024,1.50,1.50
2011.01.11 19:50:00.763,1.51995,1.52024,1.50,1.50
2011.01.11 19:50:07.342,1.51996,1.52033,1.50,1.28
2011.01.11 19:50:08.264,1.51996,1.52033,1.50,1.20
2011.01.11 19:50:10.449,1.51996,1.52033,1.50,1.35
2011.01.11 19:50:11.111,1.51996,1.52033,1.50,1.35
2011.01.11 19:50:23.959,1.51996,1.52033,1.50,1.28
2011.01.11 19:50:25.797,1.51996,1.52033,1.50,1.28
2011.01.11 19:50:26.331,1.51997,1.52033,1.50,2.78
2011.01.11 19:50:29.601,1.51997,1.52033,1.50,2.70
2011.01.11 19:50:30.580,1.51997,1.52033,1.50,2.78
2011.01.11 19:50:33.187,1.51997,1.52033,1.50,2.70
2011.01.11 19:50:41.329,1.51997,1.52031,1.50,1.32
2011.01.11 19:50:41.451,1.51997,1.52031,1.50,1.13
2011.01.11 19:50:41.974,1.51997,1.52032,1.50,1.02
2011.01.11 19:50:42.106,1.51992,1.52027,1.50,1.13
2011.01.11 19:50:42.225,1.51997,1.52027,1.50,1.13
2011.01.11 19:50:42.874,1.51996,1.52034,3.00,1.50
2011.01.11 19:50:45.050,1.51996,1.52033,3.00,1.02
2011.01.11 19:50:45.499,1.51991,1.52024,1.50,1.50
2011.01.11 19:50:48.796,1.5199,1.52024,1.50,1.50
2011.01.11 19:50:51.844,1.51997,1.52032,1.50,1.02
2011.01.11 19:50:52.500,1.51989,1.52024,1.50,1.50
2011.01.11 19:50:53.271,1.51992,1.52024,1.50,1.50
2011.01.11 19:50:55.352,1.51996,1.52032,1.50,1.02
2011.01.11 19:50:56.951,1.51992,1.52023,1.50,1.50
2011.01.11 19:50:57.079,1.51983,1.52024,1.50,1.69
2011.01.11 19:50:57.210,1.51981,1.52024,1.50,1.77
2011.01.11 19:50:57.893,1.51969,1.51994,1.50,1.50
2011.01.11 19:50:58.666,1.51969,1.52004,1.50,2.52
2011.01.11 19:50:58.906,1.51969,1.52004,1.50,1.50
2011.01.11 19:50:59.792,1.51968,1.52004,1.50,1.50
2011.01.11 19:51:00.613,1.51971,1.52004,1.50,1.50
2011.01.11 19:51:01.252,1.51976,1.52004,1.50,1.50
2011.01.11 19:51:01.363,1.51977,1.52013,1.50,2.33
2011.01.11 19:51:02.323,1.51977,1.52013,1.50,2.33
2011.01.11 19:51:02.454,1.51978,1.5201,1.50,1.20
2011.01.11 19:51:03.157,1.51975,1.52013,1.50,2.33
2011.01.11 19:51:03.281,1.51972,1.52013,1.50,2.33
2011.01.11 19:51:03.503,1.51972,1.52003,1.50,1.50
2011.01.11 19:51:04.419,1.51975,1.52003,1.50,1.50
2011.01.11 19:51:04.534,1.51976,1.52014,1.50,2.33
2011.01.11 19:51:04.944,1.51976,1.52014,1.50,1.69
2011.01.11 19:51:06.002,1.51973,1.52004,1.50,1.69
2011.01.11 19:51:06.116,1.51971,1.52004,1.50,1.69
2011.01.11 19:51:06.234,1.51969,1.52004,1.50,1.69
2011.01.11 19:51:06.916,1.51977,1.52012,1.50,2.07
2011.01.11 19:51:07.044,1.51984,1.52013,1.50,1.50
2011.01.11 19:51:07.278,1.51984,1.52021,1.69,2.70
2011.01.11 19:51:07.394,1.51987,1.52021,1.50,1.20
2011.01.11 19:51:08.157,1.51987,1.52021,3.00,1.58
2011.01.11 19:51:08.506,1.51987,1.52014,1.50,1.02
2011.01.11 19:51:09.655,1.51985,1.52014,1.50,2.33
2011.01.11 19:51:09.775,1.51981,1.52014,1.50,2.33
2011.01.11 19:51:10.468,1.51989,1.52013,1.50,1.50
2011.01.11 19:51:11.014,1.51989,1.52021,1.50,1.20
2011.01.11 19:51:11.694,1.51987,1.52021,3.00,2.52
2011.01.11 19:51:12.485,1.51987,1.52021,3.00,1.39
2011.01.11 19:51:13.851,1.51987,1.5202,1.50,1.20
2011.01.11 19:51:14.184,1.51978,1.52014,1.50,1.58
2011.01.11 19:51:14.524,1.51976,1.52014,3.00,1.58
2011.01.11 19:51:14.643,1.51976,1.52014,3.00,2.33
2011.01.11 19:51:18.558,1.51977,1.52014,1.50,2.33
2011.01.11 19:51:19.489,1.51976,1.5201,3.00,1.20
2011.01.11 19:51:19.833,1.51972,1.52003,1.50,1.69
2011.01.11 19:51:20.954,1.51973,1.52003,1.50,1.69
2011.01.11 19:51:22.412,1.51972,1.52003,1.50,1.69
2011.01.11 19:51:23.179,1.5197,1.52003,1.50,1.69
2011.01.11 19:51:23.945,1.5197,1.52003,1.69,1.50
2011.01.11 19:51:24.283,1.51974,1.52013,1.50,1.88
2011.01.11 19:51:24.953,1.51977,1.52013,1.50,1.88
2011.01.11 19:51:25.077,1.51987,1.52017,1.50,2.70
2011.01.11 19:51:25.634,1.51987,1.52017,1.50,2.70
2011.01.11 19:51:26.403,1.51987,1.52017,1.50,2.70
2011.01.11 19:51:27.175,1.51976,1.52011,1.50,1.20
2011.01.11 19:51:27.839,1.51976,1.52009,1.50,1.58
2011.01.11 19:51:27.958,1.51974,1.52004,1.50,1.50
2011.01.11 19:51:29.255,1.51974,1.52004,1.50,1.69
2011.01.11 19:51:29.755,1.51966,1.52001,3.00,1.02
2011.01.11 19:51:29.985,1.51966,1.51994,1.50,1.50
2011.01.11 19:51:30.322,1.51968,1.51994,1.50,1.50
2011.01.11 19:51:30.432,1.51968,1.52001,1.50,1.39
2011.01.11 19:51:31.003,1.51972,1.52001,1.50,1.39
2011.01.11 19:51:33.678,1.51977,1.52006,1.50,2.70
2011.01.11 19:51:34.286,1.5198,1.52013,1.50,1.02
2011.01.11 19:51:34.622,1.51977,1.52013,1.50,1.02
2011.01.11 19:51:34.732,1.5198,1.52013,1.50,1.02
