2014.12.22 12:00:00.499,1.53245,1.53271,1.40,1.10
2014.12.22 12:00:00.657,1.53246,1.53268,1.15,1.00
2014.12.22 12:00:01.215,1.53248,1.53271,3.37,1.00
2014.12.22 12:00:01.317,1.53249,1.53275,1.00,1.15
2014.12.22 12:00:01.418,1.53247,1.53273,1.01,1.10
2014.12.22 12:00:01.623,1.53246,1.53268,1.27,1.00
2014.12.22 12:00:03.043,1.53246,1.53266,1.65,1.00
2014.12.22 12:00:03.373,1.53251,1.53266,1.00,1.00
2014.12.22 12:00:03.625,1.53246,1.53266,1.27,1.00
2014.12.22 12:00:04.604,1.5325,1.5327,1.27,1.37
2014.12.22 12:00:04.908,1.53256,1.53276,1.10,1.37
2014.12.22 12:00:05.838,1.53256,1.53279,1.29,2.40
2014.12.22 12:00:05.889,1.53256,1.53279,1.29,1.12
2014.12.22 12:00:06.142,1.5326,1.53279,1.15,1.00
2014.12.22 12:00:06.244,1.5326,1.53281,1.27,1.00
2014.12.22 12:00:07.115,1.53258,1.53282,2.62,1.00
2014.12.22 12:00:07.770,1.5326,1.53284,1.52,1.00
2014.12.22 12:00:10.618,1.53268,1.53284,2.17,1.00
2014.12.22 12:00:10.669,1.53268,1.53288,2.17,1.07
2014.12.22 12:00:10.770,1.53268,1.53292,2.62,1.00
2014.12.22 12:00:11.276,1.53266,1.53291,1.17,1.12
2014.12.22 12:00:11.327,1.53266,1.53286,1.17,1.00
2014.12.22 12:00:11.428,1.53261,1.53285,2.44,1.00
2014.12.22 12:00:11.530,1.53261,1.53283,2.44,1.00
2014.12.22 12:00:12.034,1.53261,1.53284,2.44,1.00
2014.12.22 12:00:12.085,1.53261,1.53287,2.44,1.00
2014.12.22 12:00:15.144,1.53266,1.53287,1.00,1.00
2014.12.22 12:00:16.635,1.53266,1.53287,1.37,1.00
2014.12.22 12:00:17.241,1.53266,1.53287,1.00,1.00
2014.12.22 12:00:18.106,1.53266,1.53285,1.07,1.00
2014.12.22 12:00:18.646,1.53265,1.53284,1.15,1.00
2014.12.22 12:00:18.995,1.5327,1.53284,1.00,1.00
2014.12.22 12:00:19.509,1.53271,1.53285,1.00,1.00
2014.12.22 12:00:19.560,1.53271,1.53287,1.00,1.00
2014.12.22 12:00:20.136,1.53271,1.53285,1.00,1.00
2014.12.22 12:00:21.224,1.53266,1.53285,1.15,1.00
2014.12.22 12:00:21.727,1.5327,1.53285,1.00,1.00
2014.12.22 12:00:21.879,1.53266,1.53286,1.15,1.00
2014.12.22 12:00:21.981,1.53266,1.53289,1.15,1.00
2014.12.22 12:00:22.193,1.53266,1.53287,1.15,1.00
2014.12.22 12:00:22.552,1.53266,1.53287,1.00,1.00
2014.12.22 12:00:24.757,1.53266,1.53287,1.37,1.00
2014.12.22 12:00:25.262,1.53266,1.53287,1.31,1.00
2014.12.22 12:00:25.768,1.53266,1.53287,1.62,1.00
2014.12.22 12:00:25.819,1.53271,1.53287,1.00,1.00
2014.12.22 12:00:26.129,1.53267,1.53287,1.07,1.00
2014.12.22 12:00:26.180,1.53266,1.5329,1.15,1.00
2014.12.22 12:00:26.719,1.5327,1.53289,1.00,1.00
2014.12.22 12:00:27.488,1.5327,1.53289,1.37,1.00
2014.12.22 12:00:27.708,1.53266,1.53289,1.71,1.00
2014.12.22 12:00:28.145,1.5327,1.53292,1.00,1.00
2014.12.22 12:00:28.196,1.5327,1.53292,1.45,1.00
2014.12.22 12:00:28.706,1.53271,1.53293,1.46,1.00
2014.12.22 12:00:33.616,1.53271,1.53292,1.46,1.00
2014.12.22 12:00:34.281,1.5327,1.53292,1.36,1.00
2014.12.22 12:00:34.948,1.53271,1.53292,1.29,1.00
2014.12.22 12:00:36.151,1.53271,1.53292,1.10,1.00
2014.12.22 12:00:36.464,1.5327,1.5329,1.09,1.00
2014.12.22 12:00:36.999,1.5327,1.53289,1.09,1.00
2014.12.22 12:00:37.723,1.53267,1.53288,2.25,1.00
2014.12.22 12:00:38.996,1.53265,1.53288,1.27,1.00
2014.12.22 12:00:47.393,1.53265,1.5329,1.17,1.12
2014.12.22 12:00:47.650,1.53266,1.5329,2.25,1.12
2014.12.22 12:00:48.272,1.53266,1.53292,5.47,1.37
2014.12.22 12:00:48.823,1.53266,1.53292,6.41,1.00
2014.12.22 12:00:49.465,1.53266,1.5329,4.91,1.00
2014.12.22 12:00:50.014,1.53264,1.53292,2.02,1.34
2014.12.22 12:00:50.166,1.53266,1.53287,1.12,1.00
2014.12.22 12:00:50.928,1.53266,1.53288,1.10,1.00
2014.12.22 12:00:52.869,1.53271,1.53288,1.00,1.00
2014.12.22 12:00:53.738,1.53266,1.53288,1.10,1.00
2014.12.22 12:00:54.837,1.53271,1.53288,1.00,1.00
2014.12.22 12:00:55.034,1.53266,1.53288,1.15,1.00
2014.12.22 12:00:55.566,1.53266,1.53288,1.07,1.00
2014.12.22 12:00:55.944,1.53271,1.53288,1.00,1.00
2014.12.22 12:00:56.268,1.53266,1.53288,1.76,1.00
2014.12.22 12:00:58.941,1.53266,1.53285,1.70,1.00
2014.12.22 12:00:59.245,1.53271,1.53285,1.00,1.00
2014.12.22 12:00:59.549,1.53271,1.53283,1.00,1.00
2014.12.22 12:01:00.054,1.5327,1.53283,1.00,1.00
2014.12.22 12:01:00.568,1.5327,1.53285,1.00,1.00
2014.12.22 12:01:00.619,1.53266,1.53285,1.07,1.00
2014.12.22 12:01:03.864,1.53265,1.53285,1.00,1.00
2014.12.22 12:01:04.968,1.53265,1.53284,1.00,1.00
2014.12.22 12:01:09.820,1.53266,1.53284,1.00,1.00
2014.12.22 12:01:10.806,1.53265,1.53284,1.00,1.00
2014.12.22 12:01:11.360,1.53266,1.53284,1.00,1.00
2014.12.22 12:01:12.565,1.5327,1.53284,1.00,1.00
2014.12.22 12:01:14.668,1.5327,1.53283,1.00,1.00
2014.12.22 12:01:15.225,1.5327,1.53284,1.00,1.00
2014.12.22 12:01:15.479,1.53266,1.53284,1.12,1.00
2014.12.22 12:01:18.066,1.53271,1.53284,1.00,1.00
2014.12.22 12:01:24.462,1.5327,1.53284,1.00,1.00
2014.12.22 12:01:24.885,1.53265,1.53284,1.10,1.00
2014.12.22 12:01:26.737,1.53267,1.53284,4.35,1.00
2014.12.22 12:01:26.788,1.53267,1.53289,4.35,1.00
2014.12.22 12:01:26.889,1.53266,1.53289,1.17,1.00
2014.12.22 12:01:27.112,1.5327,1.53289,1.00,1.00
2014.12.22 12:01:27.416,1.5327,1.53286,1.00,1.00
2014.12.22 12:01:27.921,1.53271,1.53286,1.00,1.00
2014.12.22 12:01:28.457,1.5327,1.53286,1.00,1.00
2014.12.22 12:01:32.805,1.53271,1.53286,1.00,1.00
2014.12.22 12:01:33.140,1.53266,1.53286,1.17,1.00
2014.12.22 12:01:33.686,1.53266,1.53286,1.00,1.00
2014.12.22 12:01:34.445,1.53265,1.53286,1.50,1.00
2014.12.22 12:01:35.126,1.53266,1.53286,1.00,1.00
2014.12.22 12:01:36.045,1.5327,1.53286,1.00,1.00
2014.12.22 12:01:36.383,1.53266,1.53286,1.00,1.00
2014.12.22 12:01:36.744,1.53271,1.53286,1.00,1.00
2014.12.22 12:01:37.086,1.53271,1.53288,1.00,1.00
2014.12.22 12:01:40.556,1.53265,1.53288,1.50,1.00
2014.12.22 12:01:41.275,1.53265,1.53288,1.00,1.87
2014.12.22 12:01:42.057,1.53265,1.53288,1.00,1.50
2014.12.22 12:01:42.691,1.53266,1.53288,1.00,1.87
2014.12.22 12:01:43.257,1.53266,1.53286,1.00,1.00
2014.12.22 12:01:44.008,1.53265,1.53286,1.00,1.00
2014.12.22 12:01:45.078,1.53266,1.53286,1.00,1.00
2014.12.22 12:01:45.625,1.53266,1.53285,1.00,1.00
2014.12.22 12:01:45.778,1.53262,1.53285,1.00,1.00
2014.12.22 12:01:45.880,1.53266,1.53285,1.00,1.00
2014.12.22 12:01:45.982,1.53262,1.53285,1.00,1.00
2014.12.22 12:01:46.083,1.53265,1.53284,1.00,1.00
2014.12.22 12:01:46.134,1.53265,1.53288,1.00,1.00
2014.12.22 12:01:46.286,1.5327,1.53288,1.00,1.00
2014.12.22 12:01:46.640,1.53266,1.53288,1.50,1.00
2014.12.22 12:01:50.603,1.5327,1.53288,1.00,1.00
2014.12.22 12:01:51.115,1.53271,1.53288,1.00,1.00
2014.12.22 12:01:52.898,1.53266,1.53288,1.50,1.00
2014.12.22 12:01:53.432,1.53265,1.53288,1.25,1.00
2014.12.22 12:01:55.635,1.5327,1.53288,1.00,1.00
2014.12.22 12:01:56.646,1.53266,1.53288,1.00,1.00
2014.12.22 12:01:57.825,1.5327,1.53288,1.00,1.00
2014.12.22 12:01:59.595,1.53265,1.53288,1.00,1.00
2014.12.22 12:02:04.095,1.53271,1.53288,1.00,1.00
2014.12.22 12:02:05.574,1.5327,1.53288,1.00,1.00
2014.12.22 12:02:12.566,1.5327,1.5329,1.00,1.00
2014.12.22 12:02:12.718,1.5327,1.53292,1.00,1.50
2014.12.22 12:02:12.869,1.53271,1.53295,1.00,1.12
2014.12.22 12:02:14.138,1.53271,1.53296,1.00,1.95
2014.12.22 12:02:15.115,1.5327,1.53296,1.50,1.95
2014.12.22 12:02:17.112,1.53271,1.53296,1.00,1.95
2014.12.22 12:02:17.163,1.53271,1.53292,1.00,1.00
2014.12.22 12:02:17.668,1.5327,1.53292,1.00,1.00
2014.12.22 12:02:17.769,1.53268,1.53291,1.01,1.00
2014.12.22 12:02:17.870,1.5327,1.53291,1.00,1.00
2014.12.22 12:02:19.086,1.53268,1.53291,1.10,1.00
2014.12.22 12:02:19.238,1.53268,1.53289,1.10,1.00
2014.12.22 12:02:22.381,1.5327,1.53289,1.00,1.00
2014.12.22 12:02:22.685,1.53275,1.53291,1.00,1.00
2014.12.22 12:02:23.206,1.53276,1.53291,1.00,1.00
2014.12.22 12:02:23.357,1.5327,1.53291,1.00,1.00
2014.12.22 12:02:23.510,1.5327,1.53289,1.00,1.00
2014.12.22 12:02:24.075,1.5327,1.53286,1.00,1.00
2014.12.22 12:02:24.126,1.53268,1.53286,1.00,1.00
2014.12.22 12:02:24.228,1.53266,1.53287,1.25,1.00
2014.12.22 12:02:28.447,1.53271,1.53287,1.00,1.00
2014.12.22 12:02:28.900,1.53276,1.53287,1.00,1.00
2014.12.22 12:02:29.415,1.53271,1.53287,1.00,1.00
2014.12.22 12:02:29.517,1.53266,1.53287,1.00,1.00
2014.12.22 12:02:30.395,1.53271,1.53287,1.00,1.00
2014.12.22 12:02:35.096,1.53271,1.53288,1.00,1.00
2014.12.22 12:02:35.400,1.5328,1.53293,1.00,1.00
2014.12.22 12:02:35.896,1.53281,1.53296,1.00,1.00
2014.12.22 12:02:36.149,1.53276,1.53296,1.00,1.50
2014.12.22 12:02:36.654,1.53275,1.53296,1.00,1.50
2014.12.22 12:02:37.125,1.5327,1.53295,1.69,1.12
2014.12.22 12:02:37.694,1.5327,1.53294,1.50,1.00
2014.12.22 12:02:40.614,1.53276,1.53294,1.00,1.00
2014.12.22 12:02:44.073,1.5327,1.53294,1.50,1.00
2014.12.22 12:02:44.124,1.5327,1.53296,1.50,1.00
2014.12.22 12:02:44.175,1.53275,1.53296,1.00,1.00
2014.12.22 12:02:44.378,1.5327,1.53296,1.87,1.00
2014.12.22 12:02:44.479,1.53276,1.53296,1.00,1.00
2014.12.22 12:02:44.580,1.53271,1.53296,1.00,1.00
2014.12.22 12:02:47.663,1.53275,1.53296,1.00,1.50
2014.12.22 12:02:48.886,1.53271,1.53296,1.00,1.50
2014.12.22 12:02:51.023,1.53271,1.53296,1.00,2.55
2014.12.22 12:02:51.126,1.53271,1.53296,1.00,2.62
2014.12.22 12:02:53.644,1.53276,1.53296,1.00,2.62
2014.12.22 12:02:54.815,1.53275,1.53296,1.00,2.62
2014.12.22 12:02:58.779,1.53276,1.53296,1.00,2.62
2014.12.22 12:03:00.424,1.53275,1.53295,1.00,1.87
2014.12.22 12:03:07.804,1.53275,1.53295,1.00,1.00
2014.12.22 12:03:08.114,1.53271,1.53295,1.00,1.00
2014.12.22 12:03:09.904,1.53275,1.53295,1.00,1.00
2014.12.22 12:03:11.840,1.53275,1.53294,1.00,1.00
2014.12.22 12:03:11.891,1.5327,1.53294,1.50,1.00
2014.12.22 12:03:12.043,1.5327,1.53293,1.00,1.87
2014.12.22 12:03:13.875,1.53271,1.53293,1.00,2.06
2014.12.22 12:03:14.053,1.53267,1.53293,1.00,2.06
2014.12.22 12:03:15.208,1.53267,1.5329,1.00,1.00
2014.12.22 12:03:15.809,1.53266,1.5329,1.00,1.50
2014.12.22 12:03:16.385,1.53265,1.5329,1.00,1.87
2014.12.22 12:03:16.932,1.53266,1.5329,1.00,1.50
2014.12.22 12:03:17.480,1.53266,1.5329,1.00,1.87
2014.12.22 12:03:18.835,1.53265,1.5329,1.00,2.06
2014.12.22 12:03:19.353,1.53266,1.5329,1.00,2.06
2014.12.22 12:03:24.073,1.53265,1.5329,1.00,2.06
2014.12.22 12:03:26.813,1.53266,1.5329,1.00,2.06
2014.12.22 12:03:28.916,1.53265,1.5329,1.00,2.06
2014.12.22 12:03:31.250,1.53265,1.5329,1.00,1.50
2014.12.22 12:03:31.980,1.53264,1.5329,1.57,1.87
2014.12.22 12:03:32.316,1.53266,1.5329,1.00,1.87
2014.12.22 12:03:32.726,1.53266,1.53287,1.00,1.00
2014.12.22 12:03:32.863,1.53264,1.53287,1.10,1.00
2014.12.22 12:03:37.588,1.53261,1.53287,2.25,1.50
2014.12.22 12:03:40.633,1.53261,1.53286,1.50,1.00
2014.12.22 12:03:40.735,1.53261,1.53282,1.50,1.00
2014.12.22 12:03:40.786,1.53257,1.53282,1.19,1.00
2014.12.22 12:03:40.989,1.53257,1.53282,1.25,1.00
2014.12.22 12:03:41.664,1.5326,1.53282,1.00,1.00
2014.12.22 12:03:41.898,1.53257,1.53282,1.25,1.00
2014.12.22 12:03:42.434,1.53261,1.53282,1.00,1.00
2014.12.22 12:03:42.543,1.53257,1.53282,1.00,1.00
2014.12.22 12:03:43.464,1.53261,1.53282,1.00,1.00
2014.12.22 12:03:43.642,1.53257,1.53282,1.00,1.00
2014.12.22 12:03:44.546,1.5326,1.53282,1.00,1.00
2014.12.22 12:03:44.744,1.53257,1.53282,1.00,1.00
2014.12.22 12:03:45.276,1.53257,1.53281,1.00,1.00
2014.12.22 12:03:47.935,1.5326,1.53281,1.00,1.00
2014.12.22 12:03:48.153,1.53257,1.53281,1.00,1.00
2014.12.22 12:03:48.852,1.53261,1.53281,1.00,1.00
2014.12.22 12:03:49.155,1.53257,1.53281,1.00,1.00
2014.12.22 12:03:49.693,1.53261,1.53281,1.00,1.00
2014.12.22 12:03:49.914,1.53257,1.53281,1.00,1.00
2014.12.22 12:03:50.486,1.5326,1.53281,1.00,1.00
2014.12.22 12:03:50.683,1.53257,1.53281,1.00,1.00
2014.12.22 12:03:51.362,1.53261,1.53281,1.00,1.00
2014.12.22 12:03:51.564,1.53257,1.53281,1.00,1.00
2014.12.22 12:03:53.875,1.53261,1.53281,1.00,1.00
2014.12.22 12:03:54.204,1.53257,1.53281,1.00,1.00
2014.12.22 12:03:57.556,1.53257,1.53281,1.07,1.00
2014.12.22 12:03:57.861,1.53261,1.53285,2.25,1.00
2014.12.22 12:03:58.255,1.53264,1.53288,2.25,1.87
2014.12.22 12:03:58.457,1.53269,1.53293,3.00,1.00
2014.12.22 12:04:06.556,1.53276,1.53293,1.00,1.00
2014.12.22 12:04:09.642,1.53275,1.53293,1.00,1.00
2014.12.22 12:04:15.872,1.53273,1.53293,1.10,1.00
2014.12.22 12:04:24.413,1.53274,1.53293,1.00,1.00
2014.12.22 12:04:25.533,1.53272,1.53293,1.07,1.00
2014.12.22 12:04:30.646,1.53276,1.53293,1.07,1.00
2014.12.22 12:04:30.697,1.53276,1.53297,1.15,1.00
2014.12.22 12:04:30.749,1.5328,1.53297,1.00,1.00
2014.12.22 12:04:30.850,1.53276,1.53301,1.65,1.19
2014.12.22 12:04:30.952,1.53278,1.53304,1.00,1.31
2014.12.22 12:04:31.054,1.53276,1.53301,1.15,1.00
2014.12.22 12:04:33.012,1.53276,1.53298,1.15,1.00
2014.12.22 12:04:35.663,1.53277,1.53301,1.20,1.49
2014.12.22 12:04:37.672,1.53281,1.53302,1.00,1.50
2014.12.22 12:04:37.774,1.5328,1.53306,1.15,1.00
2014.12.22 12:04:38.105,1.53279,1.53305,1.00,1.50
2014.12.22 12:04:38.207,1.53278,1.53301,1.10,1.00
2014.12.22 12:04:38.663,1.53281,1.53303,1.00,1.10
2014.12.22 12:04:38.714,1.53282,1.53307,1.00,1.87
2014.12.22 12:04:38.917,1.53281,1.53304,1.00,1.00
2014.12.22 12:04:43.713,1.53278,1.53303,1.00,1.00
2014.12.22 12:04:44.919,1.53278,1.53303,1.15,1.00
2014.12.22 12:04:52.383,1.53281,1.53304,1.00,1.00
2014.12.22 12:04:52.484,1.53281,1.53307,1.00,1.50
2014.12.22 12:04:56.004,1.53281,1.53307,1.00,1.57
2014.12.22 12:04:56.553,1.53281,1.53305,1.00,1.00
2014.12.22 12:04:56.806,1.53278,1.53304,1.69,1.00
2014.12.22 12:04:57.335,1.53278,1.53304,1.50,1.00
2014.12.22 12:05:00.156,1.53279,1.53304,1.00,1.00
2014.12.22 12:05:03.580,1.53278,1.53302,1.37,1.00
2014.12.22 12:05:03.884,1.53278,1.53302,1.37,1.27
2014.12.22 12:05:04.503,1.53274,1.53299,1.30,1.10
2014.12.22 12:05:04.679,1.53274,1.53299,1.30,1.01
2014.12.22 12:05:07.603,1.53274,1.53299,1.00,1.10
2014.12.22 12:05:11.934,1.53277,1.53299,1.00,1.10
2014.12.22 12:05:12.444,1.53278,1.53299,1.00,1.10
2014.12.22 12:05:12.495,1.53275,1.53299,1.30,1.10
2014.12.22 12:05:13.571,1.53275,1.53299,1.25,1.10
2014.12.22 12:05:14.494,1.53274,1.53299,1.19,1.10
2014.12.22 12:05:15.494,1.53276,1.533,1.25,1.00
2014.12.22 12:05:16.922,1.53276,1.53299,1.00,1.00
2014.12.22 12:05:17.926,1.53276,1.533,1.00,1.00
2014.12.22 12:05:18.432,1.53276,1.53299,1.00,1.00
2014.12.22 12:05:19.137,1.53276,1.533,1.25,1.00
2014.12.22 12:05:20.227,1.53276,1.53299,1.00,1.00
2014.12.22 12:05:20.896,1.53279,1.53299,1.00,1.00
2014.12.22 12:05:21.149,1.53282,1.53305,1.00,1.12
2014.12.22 12:05:21.301,1.5328,1.53304,1.00,1.00
2014.12.22 12:05:21.605,1.53278,1.53304,1.50,1.65
2014.12.22 12:05:26.763,1.53279,1.53304,1.00,1.20
2014.12.22 12:05:27.270,1.53278,1.533,1.00,1.00
2014.12.22 12:05:27.421,1.53278,1.53303,1.00,1.00
2014.12.22 12:05:27.930,1.53278,1.53304,1.69,1.65
2014.12.22 12:05:28.592,1.53278,1.53304,1.76,1.00
2014.12.22 12:05:29.352,1.53278,1.53299,1.76,1.00
2014.12.22 12:05:30.352,1.53278,1.53304,1.57,1.00
2014.12.22 12:05:33.572,1.53278,1.533,1.50,1.00
2014.12.22 12:05:35.071,1.53278,1.53304,1.50,1.76
2014.12.22 12:05:36.072,1.53278,1.533,1.50,1.00
2014.12.22 12:05:38.909,1.53278,1.53298,1.00,1.37
2014.12.22 12:05:39.010,1.53271,1.53294,1.00,1.12
2014.12.22 12:05:39.061,1.53271,1.5329,1.00,1.00
2014.12.22 12:05:39.213,1.53263,1.53285,1.00,1.00
2014.12.22 12:05:39.315,1.53263,1.53289,1.00,1.69
2014.12.22 12:05:40.276,1.53263,1.53289,1.00,1.76
2014.12.22 12:05:41.026,1.53264,1.53289,1.00,1.65
2014.12.22 12:05:41.127,1.53266,1.53289,1.00,1.00
2014.12.22 12:05:41.633,1.53266,1.53291,1.00,1.17
2014.12.22 12:05:42.134,1.53266,1.53289,1.00,1.00
2014.12.22 12:05:42.236,1.53263,1.53289,2.44,1.50
2014.12.22 12:05:43.220,1.53263,1.53289,2.06,1.00
2014.12.22 12:05:43.728,1.53265,1.53289,1.00,1.00
2014.12.22 12:05:44.252,1.53266,1.53292,1.00,1.84
2014.12.22 12:05:45.172,1.53268,1.53292,1.00,1.40
2014.12.22 12:05:49.092,1.53269,1.53292,1.00,1.15
2014.12.22 12:05:49.895,1.53269,1.53292,1.00,1.00
2014.12.22 12:05:49.996,1.5327,1.53295,1.00,2.59
2014.12.22 12:05:50.097,1.53273,1.53294,1.00,1.10
2014.12.22 12:05:52.109,1.53273,1.53295,1.00,1.10
2014.12.22 12:05:52.210,1.53273,1.53299,1.00,1.07
2014.12.22 12:05:52.946,1.53272,1.53299,1.50,1.57
2014.12.22 12:05:54.090,1.53273,1.53299,1.00,1.57
2014.12.22 12:06:02.613,1.53273,1.53299,1.00,3.30
2014.12.22 12:06:03.422,1.53273,1.53299,1.50,1.57
2014.12.22 12:06:07.268,1.53273,1.53299,1.69,1.45
2014.12.22 12:06:09.233,1.53273,1.53299,1.69,1.45
2014.12.22 12:06:10.822,1.53273,1.53299,1.69,1.20
2014.12.22 12:06:11.361,1.53273,1.53299,1.69,1.95
2014.12.22 12:06:11.614,1.53273,1.53299,1.69,3.37
2014.12.22 12:06:12.117,1.53273,1.53296,1.00,1.52
2014.12.22 12:06:13.487,1.53273,1.53299,1.50,2.96
2014.12.22 12:06:13.589,1.53273,1.53294,1.50,1.00
2014.12.22 12:06:15.308,1.53274,1.53294,1.00,1.00
2014.12.22 12:06:16.260,1.53273,1.53294,1.00,1.00
2014.12.22 12:06:18.742,1.53273,1.53298,1.00,1.25
2014.12.22 12:06:19.181,1.53273,1.53294,1.00,1.00
2014.12.22 12:06:19.301,1.53273,1.53298,1.00,1.62
2014.12.22 12:06:19.454,1.53273,1.53295,1.00,1.00
2014.12.22 12:06:19.504,1.5327,1.53294,1.25,1.00
2014.12.22 12:06:19.606,1.53268,1.53289,1.00,1.00
2014.12.22 12:06:19.809,1.53264,1.53289,1.07,1.00
2014.12.22 12:06:20.314,1.53264,1.53289,1.07,1.00
2014.12.22 12:06:24.951,1.53265,1.53289,1.00,1.37
2014.12.22 12:06:25.052,1.53265,1.53289,1.00,1.20
2014.12.22 12:06:25.103,1.53262,1.53285,1.00,1.00
2014.12.22 12:06:25.154,1.53262,1.53279,1.00,1.00
2014.12.22 12:06:25.660,1.53259,1.5328,1.32,1.00
2014.12.22 12:06:26.453,1.53257,1.5328,1.00,1.00
2014.12.22 12:06:27.013,1.53257,1.53279,1.00,1.00
2014.12.22 12:06:27.526,1.53256,1.53279,1.00,1.00
2014.12.22 12:06:27.678,1.53256,1.53274,1.00,1.00
2014.12.22 12:06:27.780,1.53252,1.53275,1.00,1.00
2014.12.22 12:06:27.933,1.53251,1.53277,2.25,1.01
2014.12.22 12:06:28.092,1.53251,1.53274,1.50,1.00
2014.12.22 12:06:28.399,1.53251,1.53269,1.50,1.00
2014.12.22 12:06:28.450,1.53251,1.53274,1.50,1.00
2014.12.22 12:06:28.552,1.53251,1.53269,1.50,1.00
2014.12.22 12:06:28.653,1.53251,1.53274,1.50,1.00
2014.12.22 12:06:29.007,1.53251,1.53269,1.00,1.00
2014.12.22 12:06:31.503,1.5325,1.53269,1.00,1.00
2014.12.22 12:06:32.029,1.53249,1.53269,1.76,1.00
2014.12.22 12:06:37.606,1.53249,1.5327,1.57,1.00
2014.12.22 12:06:37.819,1.53249,1.53274,1.57,1.00
2014.12.22 12:06:38.254,1.53249,1.53269,1.57,1.00
2014.12.22 12:06:38.432,1.53249,1.53274,1.57,1.00
2014.12.22 12:06:39.273,1.53249,1.53274,1.76,1.00
2014.12.22 12:06:39.324,1.53249,1.53269,1.76,1.00
2014.12.22 12:06:41.204,1.53249,1.53274,2.51,1.00
2014.12.22 12:06:41.255,1.53249,1.53274,2.89,1.00
2014.12.22 12:06:41.558,1.53255,1.53274,1.00,1.00
2014.12.22 12:06:42.879,1.53255,1.53275,1.00,1.00
2014.12.22 12:06:46.471,1.53255,1.53279,1.00,1.20
2014.12.22 12:06:46.726,1.53255,1.53275,1.00,1.00
2014.12.22 12:06:46.777,1.53253,1.53275,1.50,1.00
2014.12.22 12:06:47.232,1.53253,1.53269,1.50,1.00
2014.12.22 12:06:53.012,1.53253,1.53275,1.00,1.00
2014.12.22 12:06:53.524,1.53254,1.53275,1.00,1.00
2014.12.22 12:06:54.066,1.53253,1.53275,1.00,1.00
2014.12.22 12:06:54.583,1.53254,1.53275,1.00,1.00
2014.12.22 12:06:55.110,1.53253,1.53275,1.00,1.00
2014.12.22 12:06:55.617,1.53253,1.53274,1.00,1.00
2014.12.22 12:06:55.668,1.53253,1.53269,1.00,1.00
2014.12.22 12:06:56.221,1.53249,1.53269,1.39,1.00
2014.12.22 12:06:56.989,1.53249,1.53269,1.39,1.00
2014.12.22 12:06:57.847,1.53252,1.53269,1.00,1.00
2014.12.22 12:06:58.360,1.53254,1.53269,1.00,1.00
2014.12.22 12:06:59.871,1.53253,1.53269,1.00,1.00
2014.12.22 12:07:03.550,1.53253,1.53274,1.00,1.00
2014.12.22 12:07:04.975,1.53256,1.53274,1.00,1.00
2014.12.22 12:07:05.329,1.53256,1.5327,1.00,1.00
2014.12.22 12:07:05.557,1.53254,1.5327,1.00,1.00
2014.12.22 12:07:11.378,1.53254,1.53274,1.00,1.00
2014.12.22 12:07:13.122,1.53254,1.53275,1.00,1.00
2014.12.22 12:07:13.376,1.53257,1.53274,1.00,1.00
2014.12.22 12:07:13.895,1.53257,1.53275,1.00,1.00
2014.12.22 12:07:16.090,1.53257,1.53274,1.00,1.00
2014.12.22 12:07:19.973,1.53257,1.53275,1.00,1.00
2014.12.22 12:07:20.479,1.53257,1.53274,1.00,1.00
2014.12.22 12:07:20.732,1.53254,1.53275,1.00,1.00
2014.12.22 12:07:21.242,1.53254,1.53274,1.00,1.00
2014.12.22 12:07:21.941,1.53253,1.53274,1.12,1.00
2014.12.22 12:07:23.176,1.53253,1.53275,1.00,1.00
2014.12.22 12:07:24.235,1.53253,1.53274,1.00,1.00
2014.12.22 12:07:24.793,1.53253,1.53275,1.00,1.00
2014.12.22 12:07:25.278,1.53257,1.53275,1.00,1.00
2014.12.22 12:07:25.783,1.53257,1.53274,1.00,1.00
2014.12.22 12:07:27.860,1.53257,1.53275,1.00,1.00
2014.12.22 12:07:28.870,1.53257,1.53274,1.00,1.00
2014.12.22 12:07:29.650,1.53256,1.53274,1.00,1.00
2014.12.22 12:07:29.853,1.53254,1.53275,1.00,1.00
2014.12.22 12:07:30.380,1.53251,1.53274,2.06,1.00
2014.12.22 12:07:30.992,1.53252,1.53274,1.25,1.00
2014.12.22 12:07:31.271,1.53252,1.53269,1.25,1.00
2014.12.22 12:07:34.019,1.53252,1.53274,1.00,1.00
2014.12.22 12:07:37.159,1.53252,1.53274,1.69,1.00
2014.12.22 12:07:38.089,1.53252,1.53275,1.69,1.00
2014.12.22 12:07:39.201,1.53252,1.53275,1.19,1.00
2014.12.22 12:07:41.339,1.53252,1.53275,1.19,1.37
2014.12.22 12:07:41.647,1.53252,1.53274,1.00,1.37
2014.12.22 12:07:42.180,1.53249,1.5327,2.06,1.12
2014.12.22 12:07:42.596,1.53249,1.5327,1.87,1.12
2014.12.22 12:07:43.393,1.53249,1.53269,1.00,1.00
2014.12.22 12:07:45.330,1.53251,1.53269,1.00,1.00
2014.12.22 12:07:45.679,1.53255,1.53269,1.00,1.00
2014.12.22 12:07:46.287,1.53256,1.53269,1.00,1.00
2014.12.22 12:07:46.388,1.53255,1.53275,1.00,1.87
2014.12.22 12:07:46.489,1.53251,1.53275,1.00,1.87
2014.12.22 12:07:46.591,1.53251,1.53274,1.00,1.37
2014.12.22 12:07:46.693,1.53251,1.53274,1.00,1.37
2014.12.22 12:07:48.356,1.53251,1.53274,1.00,1.00
2014.12.22 12:07:48.710,1.53252,1.53277,1.20,1.12
2014.12.22 12:07:48.761,1.53252,1.53274,1.20,1.00
2014.12.22 12:07:49.088,1.53254,1.53274,1.00,1.00
2014.12.22 12:07:49.548,1.53254,1.53277,1.00,1.12
2014.12.22 12:07:51.629,1.53253,1.53277,1.50,1.00
2014.12.22 12:07:52.211,1.53253,1.53274,1.00,1.00
2014.12.22 12:07:52.720,1.53253,1.53275,1.00,1.00
2014.12.22 12:07:52.834,1.53253,1.53277,1.00,1.00
2014.12.22 12:07:53.948,1.53251,1.53275,1.50,1.00
2014.12.22 12:07:54.462,1.53251,1.53274,1.50,1.00
2014.12.22 12:07:55.805,1.53251,1.53274,1.50,1.37
2014.12.22 12:07:56.136,1.53251,1.5327,1.50,1.00
2014.12.22 12:07:56.673,1.53249,1.5327,1.19,1.00
2014.12.22 12:07:57.201,1.53249,1.5327,1.25,1.00
2014.12.22 12:07:58.455,1.53249,1.53274,1.00,1.87
2014.12.22 12:07:58.772,1.53249,1.5327,1.00,1.47
2014.12.22 12:07:58.823,1.53247,1.5327,1.12,1.47
2014.12.22 12:08:00.889,1.53247,1.53265,1.00,1.00
2014.12.22 12:08:01.609,1.53247,1.5327,1.00,1.47
2014.12.22 12:08:04.068,1.53247,1.53264,1.00,1.00
2014.12.22 12:08:04.170,1.53244,1.53264,1.00,1.00
2014.12.22 12:08:04.221,1.53242,1.53264,1.12,1.37
2014.12.22 12:08:04.322,1.53241,1.53264,1.87,1.00
2014.12.22 12:08:04.423,1.53241,1.53259,1.87,1.00
2014.12.22 12:08:04.728,1.53244,1.5326,1.00,1.00
2014.12.22 12:08:05.292,1.53244,1.53259,1.00,1.00
2014.12.22 12:08:05.393,1.53244,1.53264,1.00,1.00
2014.12.22 12:08:05.645,1.53242,1.53264,1.00,1.00
2014.12.22 12:08:05.747,1.5324,1.53264,1.00,1.00
2014.12.22 12:08:05.848,1.5324,1.53259,1.00,1.00
2014.12.22 12:08:06.617,1.53239,1.53259,2.25,1.00
2014.12.22 12:08:07.543,1.53242,1.53259,1.00,1.00
2014.12.22 12:08:07.847,1.53249,1.53265,1.00,1.00
2014.12.22 12:08:08.119,1.53249,1.53269,1.00,1.12
2014.12.22 12:08:08.640,1.53248,1.53269,1.00,1.12
2014.12.22 12:08:10.103,1.53248,1.53264,1.00,1.00
2014.12.22 12:08:10.538,1.53248,1.53269,1.00,1.00
2014.12.22 12:08:11.238,1.53249,1.53269,1.00,1.00
2014.12.22 12:08:11.859,1.53249,1.5327,1.00,1.20
2014.12.22 12:08:14.752,1.53248,1.5327,1.00,1.20
2014.12.22 12:08:15.264,1.53247,1.5327,1.25,1.20
2014.12.22 12:08:18.460,1.53247,1.53269,1.00,1.00
2014.12.22 12:08:21.649,1.53248,1.53269,1.00,1.00
2014.12.22 12:08:24.753,1.53249,1.53269,1.00,1.00
2014.12.22 12:08:25.680,1.53246,1.53269,1.50,1.00
2014.12.22 12:08:29.808,1.53246,1.5327,1.69,1.00
2014.12.22 12:08:29.909,1.53248,1.5327,1.00,1.00
2014.12.22 12:08:30.661,1.53246,1.5327,1.25,1.00
2014.12.22 12:08:31.235,1.53246,1.5327,1.19,1.00
2014.12.22 12:08:31.742,1.53247,1.53269,1.25,1.37
2014.12.22 12:08:32.248,1.53246,1.53268,1.50,1.00
2014.12.22 12:08:33.069,1.53246,1.53269,1.69,1.00
2014.12.22 12:08:33.406,1.53246,1.53264,1.69,1.00
2014.12.22 12:08:36.829,1.53246,1.53269,1.25,1.00
2014.12.22 12:08:37.317,1.53243,1.53265,2.74,1.00
2014.12.22 12:08:37.840,1.53244,1.53265,1.30,1.00
2014.12.22 12:08:38.385,1.53245,1.53265,1.00,1.00
2014.12.22 12:08:39.393,1.53245,1.53265,1.19,1.00
2014.12.22 12:08:42.888,1.53245,1.53265,1.00,1.00
2014.12.22 12:08:44.768,1.53245,1.53269,1.25,1.00
2014.12.22 12:08:45.339,1.53243,1.53269,2.81,1.00
2014.12.22 12:08:45.390,1.53246,1.53269,1.00,1.00
2014.12.22 12:08:47.731,1.53246,1.53265,1.00,1.00
2014.12.22 12:08:48.228,1.53249,1.53265,1.30,1.00
2014.12.22 12:08:48.432,1.53258,1.53275,1.00,1.10
2014.12.22 12:08:48.533,1.53261,1.53275,1.00,1.00
2014.12.22 12:08:48.635,1.53261,1.5328,1.00,1.00
2014.12.22 12:08:48.686,1.53264,1.5328,1.00,1.00
2014.12.22 12:08:49.192,1.53264,1.53279,1.00,1.00
2014.12.22 12:08:49.697,1.53264,1.5328,1.00,1.00
2014.12.22 12:08:50.202,1.53264,1.53279,1.50,1.00
2014.12.22 12:08:50.607,1.53269,1.5328,1.00,1.00
2014.12.22 12:08:50.708,1.53269,1.53284,1.00,1.00
2014.12.22 12:08:50.961,1.53266,1.53285,1.00,1.00
2014.12.22 12:08:51.467,1.53265,1.53285,1.00,1.00
2014.12.22 12:08:52.161,1.53265,1.53285,1.37,1.00
2014.12.22 12:08:52.365,1.53269,1.53289,1.34,1.00
2014.12.22 12:08:52.568,1.53278,1.53295,1.00,1.00
2014.12.22 12:08:52.619,1.53278,1.53295,1.37,1.00
2014.12.22 12:08:52.821,1.53278,1.533,1.37,1.00
2014.12.22 12:08:53.336,1.53278,1.53304,1.87,1.65
2014.12.22 12:08:53.387,1.53279,1.53301,1.37,1.00
2014.12.22 12:08:53.921,1.5328,1.53301,1.37,1.00
2014.12.22 12:08:55.243,1.53279,1.53301,1.37,1.00
2014.12.22 12:08:55.395,1.53279,1.53305,1.37,2.96
2014.12.22 12:08:55.445,1.53278,1.533,1.37,1.00
2014.12.22 12:08:55.902,1.53277,1.53299,1.71,1.50
2014.12.22 12:08:56.105,1.53283,1.53304,1.00,1.00
2014.12.22 12:08:56.257,1.5328,1.53304,1.37,1.50
2014.12.22 12:08:56.662,1.53282,1.533,1.00,1.00
2014.12.22 12:08:56.865,1.53282,1.53304,1.00,1.00
2014.12.22 12:08:57.397,1.53282,1.533,1.00,1.00
2014.12.22 12:08:59.598,1.53282,1.53305,1.00,1.00
2014.12.22 12:09:01.477,1.53281,1.53305,1.00,1.00
2014.12.22 12:09:01.831,1.53281,1.53299,1.00,1.00
2014.12.22 12:09:01.932,1.53281,1.53304,1.10,1.00
2014.12.22 12:09:01.983,1.53282,1.53304,1.37,1.00
2014.12.22 12:09:02.507,1.53284,1.53304,1.50,1.00
2014.12.22 12:09:06.541,1.53284,1.53299,1.00,1.00
2014.12.22 12:09:07.046,1.53282,1.53299,1.76,1.00
2014.12.22 12:09:07.570,1.53282,1.53299,2.14,1.00
2014.12.22 12:09:08.144,1.53282,1.53299,1.95,1.00
2014.12.22 12:09:08.415,1.53282,1.53304,1.95,1.00
2014.12.22 12:09:10.862,1.53288,1.53304,1.00,1.00
2014.12.22 12:09:10.964,1.53286,1.53309,2.44,1.00
2014.12.22 12:09:11.369,1.53284,1.53305,4.31,1.00
2014.12.22 12:09:11.622,1.53284,1.53309,5.29,1.00
2014.12.22 12:09:12.178,1.53284,1.5331,3.56,1.87
2014.12.22 12:09:12.494,1.53283,1.5331,2.21,1.87
2014.12.22 12:09:12.596,1.53283,1.53305,1.46,1.00
2014.12.22 12:09:14.936,1.53283,1.53309,1.55,1.00
2014.12.22 12:09:15.139,1.53285,1.53305,1.12,1.00
2014.12.22 12:09:15.240,1.53287,1.5331,1.25,1.00
2014.12.22 12:09:15.708,1.53287,1.53305,1.25,1.00
2014.12.22 12:09:15.809,1.53289,1.53309,1.00,1.00
2014.12.22 12:09:16.063,1.53287,1.5331,1.69,1.00
2014.12.22 12:09:16.395,1.53287,1.5331,2.06,1.00
2014.12.22 12:09:16.935,1.53287,1.53309,2.06,1.00
2014.12.22 12:09:17.703,1.53286,1.53309,1.31,1.00
2014.12.22 12:09:18.077,1.53286,1.53304,1.31,1.00
2014.12.22 12:09:18.659,1.53286,1.53305,1.00,1.00
2014.12.22 12:09:19.060,1.53284,1.53305,1.39,1.00
2014.12.22 12:09:19.885,1.53284,1.53304,1.20,1.00
2014.12.22 12:09:20.809,1.53284,1.53304,1.39,1.00
2014.12.22 12:09:21.400,1.53284,1.53305,1.39,1.00
2014.12.22 12:09:21.928,1.53284,1.53305,1.29,1.00
2014.12.22 12:09:22.184,1.53284,1.53309,1.29,1.00
2014.12.22 12:09:22.389,1.53284,1.53305,2.36,1.00
2014.12.22 12:09:22.808,1.53284,1.53309,1.99,1.00
2014.12.22 12:09:23.330,1.53284,1.53309,2.36,1.00
2014.12.22 12:09:23.990,1.53284,1.53309,1.39,1.00
2014.12.22 12:09:24.491,1.53284,1.5331,1.39,1.00
2014.12.22 12:09:24.798,1.53285,1.53305,1.56,1.00
2014.12.22 12:09:25.152,1.53289,1.53309,1.00,1.00
2014.12.22 12:09:25.405,1.53291,1.5331,1.00,1.00
2014.12.22 12:09:25.826,1.53291,1.53315,1.72,1.00
2014.12.22 12:09:25.982,1.53291,1.53314,2.10,1.00
2014.12.22 12:09:26.579,1.53291,1.53315,1.37,1.50
2014.12.22 12:09:27.094,1.53291,1.53315,1.12,1.50
2014.12.22 12:09:29.737,1.53291,1.53309,1.12,1.00
2014.12.22 12:09:30.239,1.53288,1.53309,2.21,1.00
2014.12.22 12:09:30.644,1.53287,1.53304,1.37,1.00
2014.12.22 12:09:31.186,1.53287,1.53304,1.00,1.00
2014.12.22 12:09:32.242,1.53282,1.53304,1.77,1.00
2014.12.22 12:09:32.852,1.53282,1.53304,1.77,1.00
2014.12.22 12:09:33.764,1.53282,1.53304,1.52,1.00
2014.12.22 12:09:34.273,1.53283,1.53304,2.25,1.00
2014.12.22 12:09:34.817,1.53283,1.53299,1.45,1.00
2014.12.22 12:09:35.120,1.53283,1.53299,1.00,1.00
2014.12.22 12:09:35.593,1.53283,1.53305,1.00,1.00
2014.12.22 12:09:37.840,1.53281,1.53305,3.90,1.00
2014.12.22 12:09:39.088,1.53285,1.53309,1.80,1.00
2014.12.22 12:09:39.240,1.53285,1.53307,1.10,1.00
2014.12.22 12:09:39.543,1.53281,1.53305,1.36,1.00
2014.12.22 12:09:40.230,1.53281,1.53305,1.17,1.00
2014.12.22 12:09:45.357,1.53281,1.533,1.17,1.00
2014.12.22 12:09:45.559,1.53278,1.533,1.36,1.00
2014.12.22 12:09:46.122,1.53278,1.53299,1.46,1.00
2014.12.22 12:09:46.630,1.53278,1.53299,1.46,1.00
2014.12.22 12:09:49.322,1.53278,1.53303,1.09,1.00
2014.12.22 12:09:49.525,1.53282,1.53304,1.00,1.50
2014.12.22 12:09:49.828,1.53284,1.5331,2.17,1.76
2014.12.22 12:09:49.879,1.53284,1.5331,2.25,1.69
2014.12.22 12:09:50.031,1.53283,1.53307,1.52,1.00
2014.12.22 12:09:50.826,1.53283,1.53304,1.37,1.00
2014.12.22 12:09:50.877,1.53283,1.53304,1.00,1.50
2014.12.22 12:09:52.677,1.53281,1.53304,1.10,1.50
2014.12.22 12:09:54.817,1.53281,1.533,1.10,1.00
2014.12.22 12:09:58.117,1.53281,1.53304,1.10,1.00
2014.12.22 12:10:01.131,1.53281,1.53299,1.10,1.00
2014.12.22 12:10:06.620,1.53281,1.53304,1.10,1.00
2014.12.22 12:10:07.124,1.53281,1.53304,1.95,1.00
2014.12.22 12:10:07.175,1.53281,1.53307,3.07,1.69
2014.12.22 12:10:07.226,1.53284,1.53309,1.50,1.01
2014.12.22 12:10:07.378,1.53284,1.53305,1.50,1.00
2014.12.22 12:10:07.883,1.53284,1.53304,1.50,1.00
2014.12.22 12:10:08.424,1.53284,1.53305,1.87,1.00
2014.12.22 12:10:10.680,1.53284,1.53305,1.95,1.00
2014.12.22 12:10:10.782,1.53287,1.53312,1.55,1.00
2014.12.22 12:10:10.880,1.53289,1.53314,1.55,1.50
2014.12.22 12:10:10.931,1.53293,1.53314,1.00,1.00
2014.12.22 12:10:11.235,1.53308,1.53316,1.30,1.00
2014.12.22 12:10:11.286,1.53308,1.53329,1.30,1.00
2014.12.22 12:10:11.440,1.53308,1.53333,1.30,1.00
2014.12.22 12:10:11.491,1.53308,1.53333,1.45,1.00
2014.12.22 12:10:11.795,1.53317,1.53336,4.72,1.00
2014.12.22 12:10:11.846,1.53317,1.53343,5.47,1.50
2014.12.22 12:10:11.948,1.53317,1.53341,5.47,1.00
2014.12.22 12:10:13.297,1.53317,1.5334,5.47,1.00
2014.12.22 12:10:13.885,1.53317,1.53341,5.47,1.00
2014.12.22 12:10:14.140,1.53317,1.53341,1.70,1.00
2014.12.22 12:10:15.288,1.53317,1.53341,1.39,1.00
2014.12.22 12:10:15.338,1.53317,1.53339,1.39,1.00
2014.12.22 12:10:16.425,1.53317,1.53338,1.00,1.00
2014.12.22 12:10:16.829,1.53313,1.53335,1.69,1.00
2014.12.22 12:10:17.522,1.53313,1.53337,1.37,1.00
2014.12.22 12:10:17.993,1.53313,1.53335,1.00,1.00
2014.12.22 12:10:18.296,1.53307,1.53328,1.56,1.00
2014.12.22 12:10:18.398,1.53307,1.53326,1.00,1.00
2014.12.22 12:10:18.499,1.53302,1.53326,1.29,1.00
2014.12.22 12:10:19.010,1.53302,1.53326,1.10,1.00
2014.12.22 12:10:19.528,1.53302,1.53325,1.10,1.00
2014.12.22 12:10:20.919,1.53306,1.53325,1.30,1.00
2014.12.22 12:10:21.071,1.53306,1.5333,1.20,1.50
2014.12.22 12:10:21.173,1.53307,1.53332,1.50,1.12
2014.12.22 12:10:21.375,1.53308,1.53329,1.30,1.00
2014.12.22 12:10:21.897,1.53307,1.53329,1.72,1.00
2014.12.22 12:10:23.013,1.53308,1.53329,1.00,1.00
2014.12.22 12:10:23.520,1.53306,1.53329,2.44,1.00
2014.12.22 12:10:23.930,1.53311,1.53329,1.10,1.00
2014.12.22 12:10:24.234,1.53307,1.53329,1.62,1.00
2014.12.22 12:10:24.538,1.53303,1.53324,1.37,1.00
2014.12.22 12:10:24.842,1.53301,1.5332,1.37,1.00
2014.12.22 12:10:24.943,1.53296,1.5332,1.00,1.07
2014.12.22 12:10:24.994,1.53296,1.53314,1.00,1.00
2014.12.22 12:10:25.045,1.53293,1.53314,1.30,1.00
2014.12.22 12:10:25.197,1.53292,1.5331,1.00,1.00
2014.12.22 12:10:25.299,1.53292,1.53313,1.00,1.00
2014.12.22 12:10:25.349,1.53292,1.53311,1.00,1.00
2014.12.22 12:10:25.451,1.53288,1.53311,1.17,1.00
2014.12.22 12:10:25.657,1.53288,1.53309,1.00,1.00
2014.12.22 12:10:25.708,1.53286,1.53309,1.31,1.00
2014.12.22 12:10:26.020,1.53288,1.53309,1.00,1.00
2014.12.22 12:10:27.413,1.53288,1.5331,1.12,1.00
2014.12.22 12:10:27.954,1.5329,1.53312,1.30,1.00
2014.12.22 12:10:28.005,1.5329,1.53314,1.30,1.25
2014.12.22 12:10:28.106,1.53292,1.53314,1.00,1.00
2014.12.22 12:10:28.620,1.53292,1.53315,1.72,1.50
2014.12.22 12:10:28.963,1.53292,1.53315,2.10,1.50
2014.12.22 12:10:29.537,1.53292,1.53315,2.10,1.00
2014.12.22 12:10:30.164,1.53292,1.53315,2.10,1.00
2014.12.22 12:10:31.156,1.53302,1.53318,1.37,1.00
2014.12.22 12:10:31.358,1.53308,1.53324,1.12,1.00
2014.12.22 12:10:31.561,1.53305,1.53328,1.55,1.00
2014.12.22 12:10:32.117,1.53305,1.53324,1.37,1.00
2014.12.22 12:10:32.926,1.53299,1.53324,2.21,1.00
2014.12.22 12:10:33.446,1.53299,1.53324,2.02,1.00
2014.12.22 12:10:38.818,1.533,1.53324,1.00,1.00
2014.12.22 12:10:38.869,1.533,1.53322,1.00,1.00
2014.12.22 12:10:39.528,1.53299,1.53322,1.12,1.00
2014.12.22 12:10:42.395,1.53299,1.53324,1.50,1.00
2014.12.22 12:10:42.903,1.53299,1.53324,1.00,2.02
2014.12.22 12:10:43.672,1.53299,1.5332,1.00,1.00
2014.12.22 12:10:44.176,1.53299,1.53319,1.00,1.00
2014.12.22 12:10:44.480,1.53295,1.53319,1.56,1.10
2014.12.22 12:10:44.582,1.53295,1.53314,1.56,1.00
2014.12.22 12:10:45.320,1.53294,1.53314,1.31,1.00
2014.12.22 12:10:45.833,1.53293,1.53315,2.06,1.00
2014.12.22 12:10:46.349,1.53295,1.53314,1.50,1.00
2014.12.22 12:10:47.134,1.53293,1.53314,2.81,1.00
2014.12.22 12:10:47.644,1.53295,1.53314,1.50,1.00
2014.12.22 12:10:47.949,1.53295,1.53319,1.50,1.57
2014.12.22 12:10:48.491,1.53295,1.53319,1.87,1.57
2014.12.22 12:10:49.429,1.53295,1.53318,1.37,1.00
2014.12.22 12:10:49.597,1.53295,1.53314,1.37,1.00
2014.12.22 12:10:49.699,1.53294,1.53314,1.00,1.00
2014.12.22 12:10:49.800,1.53293,1.53316,1.00,1.00
2014.12.22 12:10:49.851,1.53293,1.53314,1.00,1.00
2014.12.22 12:10:50.154,1.53285,1.5331,1.37,1.50
2014.12.22 12:10:50.672,1.53283,1.53308,1.37,1.00
2014.12.22 12:10:50.723,1.53283,1.53308,1.00,1.00
2014.12.22 12:10:51.083,1.53285,1.53309,1.00,1.00
2014.12.22 12:10:51.336,1.53283,1.53308,1.00,1.00
2014.12.22 12:10:51.589,1.53282,1.53305,1.01,1.00
2014.12.22 12:10:52.121,1.53282,1.53304,1.01,1.00
2014.12.22 12:10:52.678,1.53282,1.53305,1.00,1.00
2014.12.22 12:10:52.830,1.53282,1.53309,1.50,1.84
2014.12.22 12:10:53.133,1.53281,1.53304,1.25,1.00
2014.12.22 12:10:53.640,1.53282,1.53304,1.00,1.00
2014.12.22 12:10:54.165,1.53283,1.53304,1.00,1.00
2014.12.22 12:10:54.673,1.53283,1.53305,1.00,1.00
2014.12.22 12:10:57.122,1.53281,1.53305,1.00,1.00
2014.12.22 12:10:58.356,1.5328,1.53305,1.25,1.00
2014.12.22 12:10:58.508,1.5328,1.53306,1.00,1.07
2014.12.22 12:10:58.913,1.53277,1.53303,1.87,1.10
2014.12.22 12:10:59.117,1.53277,1.53301,1.37,1.00
2014.12.22 12:10:59.624,1.53273,1.533,1.39,1.00
2014.12.22 12:10:59.676,1.53273,1.53299,1.76,1.00
2014.12.22 12:11:01.097,1.53277,1.53299,1.00,1.50
2014.12.22 12:11:01.198,1.53277,1.53302,1.47,1.00
2014.12.22 12:11:01.300,1.53281,1.53304,1.00,1.00
2014.12.22 12:11:01.452,1.53278,1.53304,1.37,1.00
2014.12.22 12:11:01.503,1.53278,1.53304,1.37,1.07
2014.12.22 12:11:01.857,1.53276,1.53299,1.37,1.00
2014.12.22 12:11:02.211,1.53272,1.53297,2.06,1.00
2014.12.22 12:11:02.413,1.53272,1.53297,1.87,1.00
2014.12.22 12:11:03.070,1.53272,1.53294,1.12,1.00
2014.12.22 12:11:03.575,1.5327,1.53294,1.37,1.07
2014.12.22 12:11:03.626,1.5327,1.53294,1.00,1.07
2014.12.22 12:11:03.829,1.5327,1.53289,1.00,1.00
2014.12.22 12:11:04.141,1.5327,1.53294,1.00,1.07
2014.12.22 12:11:04.580,1.5327,1.5329,1.00,1.00
2014.12.22 12:11:05.136,1.5327,1.53289,1.00,1.00
2014.12.22 12:11:07.526,1.5327,1.53289,2.06,1.00
2014.12.22 12:11:07.679,1.53274,1.53298,1.37,1.00
2014.12.22 12:11:07.781,1.53279,1.53294,1.00,1.00
2014.12.22 12:11:07.882,1.53279,1.533,1.00,1.00
2014.12.22 12:11:08.636,1.53279,1.53299,1.12,1.00
2014.12.22 12:11:09.152,1.53279,1.53299,1.50,1.00
2014.12.22 12:11:10.396,1.53279,1.53304,1.69,1.00
2014.12.22 12:11:10.618,1.53279,1.533,1.69,1.00
2014.12.22 12:11:10.927,1.53279,1.53304,1.19,1.50
2014.12.22 12:11:11.184,1.53279,1.533,1.19,1.00
2014.12.22 12:11:11.630,1.53279,1.53304,1.00,1.00
2014.12.22 12:11:13.295,1.53279,1.53303,1.00,1.00
2014.12.22 12:11:13.447,1.53279,1.53299,1.00,1.00
2014.12.22 12:11:13.498,1.53275,1.53299,1.00,1.00
2014.12.22 12:11:13.750,1.53272,1.53297,1.69,1.00
2014.12.22 12:11:14.530,1.53272,1.53297,1.19,1.17
2014.12.22 12:11:14.581,1.53272,1.53297,1.00,1.17
2014.12.22 12:11:15.827,1.53274,1.53296,1.00,1.00
2014.12.22 12:11:16.130,1.53276,1.53299,1.19,1.00
2014.12.22 12:11:16.282,1.53273,1.53297,1.69,1.20
2014.12.22 12:11:16.557,1.53273,1.53294,1.25,1.00
2014.12.22 12:11:16.911,1.53273,1.53297,1.25,1.20
2014.12.22 12:11:18.589,1.53273,1.53295,1.00,1.00
2014.12.22 12:11:19.044,1.53269,1.53294,2.81,1.00
2014.12.22 12:11:19.672,1.5327,1.53295,1.25,1.00
2014.12.22 12:11:20.698,1.53272,1.53295,1.00,1.00
2014.12.22 12:11:21.201,1.53271,1.53295,1.12,1.00
2014.12.22 12:11:21.347,1.53272,1.53297,1.00,1.20
2014.12.22 12:11:21.811,1.53275,1.53297,1.00,1.20
2014.12.22 12:11:22.119,1.5328,1.53299,1.00,1.12
2014.12.22 12:11:22.422,1.53276,1.533,1.19,1.00
2014.12.22 12:11:22.473,1.53276,1.533,1.00,1.10
2014.12.22 12:11:22.524,1.53272,1.53299,2.14,1.00
2014.12.22 12:11:23.551,1.53272,1.53299,2.14,1.50
2014.12.22 12:11:24.602,1.53274,1.53299,1.25,1.50
2014.12.22 12:11:24.810,1.53277,1.53299,1.00,1.00
2014.12.22 12:11:25.113,1.53278,1.533,1.56,1.00
2014.12.22 12:11:25.664,1.53278,1.53299,2.06,1.00
2014.12.22 12:11:26.180,1.53278,1.533,2.06,1.00
2014.12.22 12:11:26.570,1.53278,1.53302,2.06,1.00
2014.12.22 12:11:26.772,1.53276,1.53302,1.50,1.07
2014.12.22 12:11:26.823,1.53276,1.53299,1.00,1.00
2014.12.22 12:11:28.225,1.53273,1.53298,1.76,1.00
2014.12.22 12:11:29.100,1.53273,1.53298,1.39,1.00
2014.12.22 12:11:30.363,1.53273,1.53298,1.29,1.00
2014.12.22 12:11:31.377,1.53273,1.53298,1.29,1.00
2014.12.22 12:11:32.366,1.53276,1.53298,1.34,1.00
2014.12.22 12:11:32.569,1.53279,1.53305,2.62,2.25
2014.12.22 12:11:33.117,1.53279,1.53304,2.62,1.00
2014.12.22 12:11:33.984,1.53279,1.53304,2.81,1.00
2014.12.22 12:11:35.155,1.53284,1.53305,1.00,1.00
2014.12.22 12:11:35.660,1.53283,1.53305,1.10,1.00
2014.12.22 12:11:36.185,1.53283,1.53306,1.29,1.00
2014.12.22 12:11:37.025,1.53281,1.53305,1.84,1.00
2014.12.22 12:11:37.556,1.53283,1.53304,1.24,1.00
2014.12.22 12:11:37.710,1.5328,1.53304,1.50,1.20
2014.12.22 12:11:38.247,1.5328,1.53304,1.00,1.57
2014.12.22 12:11:44.945,1.53278,1.53301,1.09,1.00
2014.12.22 12:11:46.000,1.53278,1.53301,2.06,1.00
2014.12.22 12:11:46.594,1.53278,1.53299,2.06,1.00
2014.12.22 12:11:50.139,1.53278,1.533,1.39,1.00
2014.12.22 12:11:50.835,1.53278,1.53299,1.39,1.00
2014.12.22 12:11:51.495,1.53278,1.53299,1.20,1.00
2014.12.22 12:11:53.421,1.53278,1.53299,1.46,1.00
2014.12.22 12:11:54.845,1.53278,1.53299,1.09,1.00
2014.12.22 12:11:56.927,1.53278,1.53294,1.10,1.00
2014.12.22 12:11:57.130,1.53273,1.53295,1.70,1.00
2014.12.22 12:11:57.637,1.5327,1.53294,2.36,1.00
2014.12.22 12:11:58.142,1.53273,1.53299,1.32,1.57
2014.12.22 12:11:58.583,1.53274,1.53295,1.10,1.00
2014.12.22 12:11:59.093,1.53273,1.53294,1.45,1.00
2014.12.22 12:11:59.699,1.53273,1.53294,1.45,1.00
2014.12.22 12:11:59.801,1.53273,1.53299,1.45,1.07
2014.12.22 12:12:00.128,1.53274,1.53294,1.47,1.00
2014.12.22 12:12:00.327,1.53274,1.53299,1.47,1.07
2014.12.22 12:12:02.015,1.53275,1.53297,1.37,1.00
2014.12.22 12:12:02.218,1.53275,1.53297,1.00,1.57
2014.12.22 12:12:02.320,1.53271,1.53294,1.00,1.00
2014.12.22 12:12:02.421,1.53276,1.53297,1.00,1.65
2014.12.22 12:12:02.573,1.53276,1.53297,1.00,1.00
2014.12.22 12:12:02.674,1.53274,1.533,1.10,2.32
2014.12.22 12:12:02.725,1.53274,1.53298,1.10,1.00
2014.12.22 12:12:03.029,1.53276,1.53297,1.00,1.15
2014.12.22 12:12:03.282,1.53274,1.53299,1.47,1.40
2014.12.22 12:12:03.788,1.53274,1.53294,1.47,1.00
2014.12.22 12:12:04.192,1.53272,1.53296,1.90,1.00
2014.12.22 12:12:04.707,1.53275,1.53299,1.12,1.40
2014.12.22 12:12:09.224,1.53275,1.533,1.37,1.15
2014.12.22 12:12:10.863,1.53275,1.533,1.12,1.15
2014.12.22 12:12:11.066,1.53276,1.53301,1.07,1.65
2014.12.22 12:12:11.116,1.53275,1.533,1.65,1.00
2014.12.22 12:12:12.133,1.53275,1.533,1.65,1.00
2014.12.22 12:12:12.236,1.53274,1.53299,1.01,1.57
2014.12.22 12:12:12.567,1.53275,1.53294,1.00,1.00
2014.12.22 12:12:12.870,1.53275,1.53296,1.37,1.10
2014.12.22 12:12:13.073,1.53276,1.53299,1.27,1.00
2014.12.22 12:12:13.478,1.53278,1.53303,2.62,1.87
2014.12.22 12:12:19.831,1.53278,1.53302,2.81,1.00
2014.12.22 12:12:20.144,1.53278,1.53299,2.81,1.00
2014.12.22 12:12:21.265,1.53277,1.53299,1.17,1.00
2014.12.22 12:12:21.317,1.53277,1.53299,1.10,2.25
2014.12.22 12:12:21.419,1.53275,1.53297,1.17,1.00
2014.12.22 12:12:36.917,1.53275,1.53298,1.27,1.00
2014.12.22 12:12:37.221,1.53277,1.53302,3.37,1.37
2014.12.22 12:12:37.526,1.53281,1.53302,2.25,1.37
2014.12.22 12:12:38.475,1.53281,1.53302,2.25,1.00
2014.12.22 12:12:41.893,1.53279,1.53302,1.77,1.00
2014.12.22 12:12:47.928,1.53279,1.53302,1.52,1.00
2014.12.22 12:12:47.979,1.53282,1.53304,1.19,1.00
2014.12.22 12:12:48.292,1.53288,1.53311,1.00,1.46
2014.12.22 12:12:48.797,1.53289,1.53312,1.00,1.56
2014.12.22 12:12:49.100,1.53289,1.53309,1.00,1.00
2014.12.22 12:12:49.291,1.53289,1.53312,1.00,1.37
2014.12.22 12:12:49.807,1.53288,1.53312,1.10,1.37
2014.12.22 12:12:50.185,1.53288,1.53309,1.10,1.00
2014.12.22 12:12:50.975,1.53286,1.5331,1.00,1.17
2014.12.22 12:12:51.431,1.53286,1.53311,1.00,2.62
2014.12.22 12:12:51.964,1.53286,1.53308,1.00,1.15
2014.12.22 12:12:55.174,1.53284,1.53308,1.00,1.15
2014.12.22 12:12:57.674,1.53283,1.53308,1.00,1.34
2014.12.22 12:13:06.768,1.53283,1.53305,1.00,1.00
2014.12.22 12:13:11.021,1.53284,1.53305,1.00,1.00
2014.12.22 12:13:11.429,1.53283,1.53305,1.00,1.07
2014.12.22 12:13:11.784,1.53281,1.53305,1.00,1.15
2014.12.22 12:13:17.368,1.53279,1.53304,1.00,1.84
2014.12.22 12:13:18.040,1.53277,1.53302,1.47,2.92
2014.12.22 12:13:18.614,1.53279,1.53302,1.00,3.19
2014.12.22 12:13:19.135,1.53281,1.53302,1.00,3.19
2014.12.22 12:13:20.995,1.53278,1.53302,1.12,3.00
2014.12.22 12:13:21.234,1.53281,1.53302,1.00,3.00
2014.12.22 12:13:22.326,1.5328,1.53302,1.00,3.00
2014.12.22 12:13:22.857,1.53279,1.53302,1.00,3.00
2014.12.22 12:13:24.713,1.53279,1.53302,1.37,3.94
2014.12.22 12:13:24.764,1.53279,1.53302,1.37,1.84
2014.12.22 12:13:24.814,1.53279,1.53304,1.37,4.31
2014.12.22 12:13:24.865,1.53285,1.53304,1.10,1.07
2014.12.22 12:13:24.916,1.53285,1.53304,1.95,1.07
2014.12.22 12:13:25.169,1.5329,1.5331,1.00,1.57
2014.12.22 12:13:25.876,1.53288,1.53313,1.12,3.37
2014.12.22 12:13:25.978,1.53284,1.53309,1.07,1.47
2014.12.22 12:13:26.481,1.53284,1.53309,1.00,1.52
2014.12.22 12:13:27.486,1.53284,1.53309,1.20,1.57
2014.12.22 12:13:30.954,1.53284,1.53309,1.20,2.02
2014.12.22 12:13:32.397,1.53284,1.53309,1.20,2.77
2014.12.22 12:13:33.511,1.53284,1.53306,1.20,1.00
2014.12.22 12:13:36.517,1.53285,1.53306,1.37,1.00
2014.12.22 12:13:36.821,1.5329,1.53311,1.37,1.27
2014.12.22 12:13:36.872,1.5329,1.53311,1.47,1.12
2014.12.22 12:13:37.400,1.5329,1.5331,1.57,1.00
2014.12.22 12:13:38.575,1.5329,1.5331,1.57,1.00
2014.12.22 12:13:39.441,1.5329,1.5331,1.47,1.00
2014.12.22 12:13:39.745,1.53301,1.53319,1.42,1.00
2014.12.22 12:13:40.055,1.53303,1.53315,1.05,1.00
2014.12.22 12:13:42.224,1.53303,1.53315,1.47,1.00
2014.12.22 12:13:48.892,1.53303,1.5332,1.47,1.00
2014.12.22 12:13:49.569,1.53303,1.53319,1.47,1.00
2014.12.22 12:13:50.333,1.53303,1.5332,1.47,1.00
2014.12.22 12:13:50.544,1.53303,1.53325,1.47,1.00
2014.12.22 12:13:51.050,1.53301,1.53326,1.74,1.10
2014.12.22 12:13:51.100,1.53301,1.53324,1.84,1.00
2014.12.22 12:13:52.133,1.53301,1.53324,1.84,1.00
2014.12.22 12:13:59.721,1.53301,1.53324,2.59,1.00
2014.12.22 12:14:00.333,1.53301,1.53326,3.34,1.00
2014.12.22 12:14:01.298,1.53301,1.53326,3.34,1.00
2014.12.22 12:14:04.404,1.53301,1.53324,2.21,1.00
2014.12.22 12:14:04.723,1.53303,1.53326,1.77,1.00
2014.12.22 12:14:04.775,1.53307,1.5333,1.00,1.10
2014.12.22 12:14:04.825,1.53307,1.5333,1.07,1.00
2014.12.22 12:14:04.977,1.53308,1.53333,1.15,1.10
2014.12.22 12:14:05.080,1.53311,1.5333,1.00,1.00
2014.12.22 12:14:05.283,1.53312,1.53335,1.00,1.15
2014.12.22 12:14:05.943,1.53312,1.53335,1.32,1.00
2014.12.22 12:14:06.072,1.53312,1.53337,1.32,1.10
2014.12.22 12:14:06.384,1.53312,1.53335,1.32,1.00
2014.12.22 12:14:10.344,1.53312,1.53334,1.26,1.00
2014.12.22 12:14:11.563,1.53312,1.53335,1.76,1.00
2014.12.22 12:14:11.884,1.53315,1.53335,1.00,1.00
2014.12.22 12:14:14.334,1.53315,1.53339,1.12,1.65
2014.12.22 12:14:18.714,1.53314,1.53337,1.00,1.10
2014.12.22 12:14:19.175,1.53311,1.53336,1.50,2.25
2014.12.22 12:14:19.580,1.53307,1.53333,1.51,1.07
2014.12.22 12:14:38.883,1.53306,1.5333,1.64,1.07
2014.12.22 12:14:38.985,1.53304,1.53327,1.50,1.07
2014.12.22 12:14:39.238,1.533,1.53324,1.19,1.00
2014.12.22 12:14:39.682,1.53298,1.53324,1.84,1.50
2014.12.22 12:14:40.643,1.53297,1.53323,1.34,1.00
2014.12.22 12:14:42.646,1.53296,1.53322,2.59,1.00
2014.12.22 12:14:47.818,1.53297,1.53324,1.77,1.50
2014.12.22 12:14:52.000,1.53301,1.53324,2.17,1.50
2014.12.22 12:14:52.556,1.53301,1.53326,3.19,1.00
2014.12.22 12:14:54.868,1.53302,1.53327,1.15,1.25
2014.12.22 12:14:55.374,1.53304,1.5333,1.84,2.02
2014.12.22 12:14:57.110,1.53306,1.5333,1.26,1.45
2014.12.22 12:14:57.262,1.5331,1.53334,1.07,1.20
2014.12.22 12:14:57.812,1.5331,1.53333,1.15,1.00
2014.12.22 12:14:58.337,1.53313,1.53338,1.00,1.52
2014.12.22 12:14:58.860,1.53313,1.53338,1.00,1.52
2014.12.22 12:15:00.623,1.53313,1.53338,1.15,1.12
2014.12.22 12:15:01.326,1.53311,1.53337,1.01,1.55
2014.12.22 12:15:01.833,1.5331,1.53336,1.65,1.47
2014.12.22 12:15:01.897,1.5331,1.53336,1.65,1.10
2014.12.22 12:15:02.799,1.5331,1.53336,1.65,1.47
2014.12.22 12:15:02.900,1.5331,1.53336,1.65,1.10
2014.12.22 12:15:03.425,1.53312,1.53338,1.00,1.46
2014.12.22 12:15:04.712,1.53312,1.53335,1.00,1.00
2014.12.22 12:15:05.124,1.53312,1.53334,1.00,1.15
2014.12.22 12:15:05.175,1.5331,1.53334,1.87,1.15
2014.12.22 12:15:05.377,1.5331,1.53329,1.12,1.00
2014.12.22 12:15:05.428,1.53306,1.53329,1.00,1.00
2014.12.22 12:15:05.944,1.53304,1.53329,1.17,1.00
2014.12.22 12:15:21.706,1.53306,1.53329,1.00,1.50
2014.12.22 12:15:23.398,1.53306,1.53326,1.00,1.00
2014.12.22 12:15:26.068,1.53306,1.53328,1.12,1.10
2014.12.22 12:15:29.059,1.53307,1.53328,1.07,1.00
2014.12.22 12:15:29.110,1.53307,1.53331,1.07,1.57
2014.12.22 12:15:29.262,1.53307,1.53331,2.92,1.00
2014.12.22 12:15:29.919,1.53312,1.53331,1.00,1.00
2014.12.22 12:15:30.223,1.53309,1.53333,1.34,1.00
2014.12.22 12:15:30.743,1.53312,1.53333,1.00,1.00
2014.12.22 12:15:32.646,1.53312,1.53333,1.37,1.00
2014.12.22 12:15:33.061,1.53312,1.53333,1.46,1.00
2014.12.22 12:15:33.214,1.53324,1.53344,1.00,1.25
2014.12.22 12:15:33.467,1.53319,1.53345,1.84,2.25
2014.12.22 12:15:33.568,1.53316,1.53343,1.52,2.25
2014.12.22 12:15:33.619,1.53316,1.53343,1.52,2.62
2014.12.22 12:15:34.157,1.53315,1.53343,2.21,1.87
2014.12.22 12:15:34.667,1.53317,1.53343,1.52,1.37
2014.12.22 12:15:35.023,1.53319,1.53343,1.00,1.00
2014.12.22 12:15:35.587,1.53317,1.53343,1.77,1.00
2014.12.22 12:15:37.280,1.53318,1.53343,2.25,1.00
2014.12.22 12:15:39.243,1.53319,1.53342,1.15,1.00
2014.12.22 12:15:39.597,1.53316,1.53338,1.71,1.00
2014.12.22 12:15:41.204,1.53318,1.53342,1.10,1.00
2014.12.22 12:15:41.356,1.5332,1.53344,1.00,1.66
2014.12.22 12:15:42.133,1.5332,1.53344,1.00,1.20
2014.12.22 12:15:52.219,1.5332,1.5334,1.00,1.00
2014.12.22 12:15:52.321,1.5332,1.53344,1.12,1.10
2014.12.22 12:15:52.423,1.53318,1.53344,1.20,1.10
2014.12.22 12:15:52.626,1.53318,1.53344,1.95,1.10
2014.12.22 12:15:53.144,1.53318,1.53344,1.39,2.70
2014.12.22 12:15:53.549,1.53315,1.53341,1.00,1.17
2014.12.22 12:15:53.903,1.53315,1.53341,2.92,1.57
2014.12.22 12:15:56.636,1.53315,1.53341,2.06,1.15
2014.12.22 12:15:56.839,1.53324,1.53342,1.00,1.15
2014.12.22 12:15:57.042,1.53332,1.5335,1.10,1.00
2014.12.22 12:15:57.093,1.53332,1.53354,1.10,1.50
2014.12.22 12:15:57.144,1.53333,1.53354,2.25,1.50
2014.12.22 12:15:57.195,1.53335,1.53358,1.15,1.37
2014.12.22 12:15:57.676,1.53337,1.53358,1.47,1.00
2014.12.22 12:15:57.727,1.53337,1.5336,1.47,1.10
2014.12.22 12:15:58.584,1.53337,1.53359,1.47,1.00
2014.12.22 12:15:59.403,1.53335,1.53359,2.02,1.00
2014.12.22 12:16:00.264,1.53336,1.53355,1.17,1.00
2014.12.22 12:16:00.366,1.53333,1.53354,1.37,1.10
2014.12.22 12:16:00.875,1.53333,1.53354,1.00,1.10
2014.12.22 12:16:08.356,1.53333,1.53355,1.07,1.00
2014.12.22 12:16:08.559,1.53334,1.53359,1.00,1.52
2014.12.22 12:16:08.761,1.53336,1.53359,1.00,1.52
2014.12.22 12:16:10.504,1.53341,1.53359,1.00,1.15
2014.12.22 12:16:10.657,1.53344,1.53365,1.37,1.15
2014.12.22 12:16:10.758,1.53349,1.53364,1.00,1.00
2014.12.22 12:16:11.113,1.5335,1.53369,1.00,1.00
2014.12.22 12:16:12.744,1.5335,1.5337,1.00,1.00
2014.12.22 12:16:13.313,1.5335,1.53369,1.25,1.00
2014.12.22 12:16:14.304,1.5335,1.53364,1.00,1.00
2014.12.22 12:16:14.812,1.5335,1.5337,1.00,1.00
2014.12.22 12:16:15.582,1.5335,1.53369,1.00,1.00
2014.12.22 12:16:16.111,1.53346,1.53369,1.29,1.00
2014.12.22 12:16:16.213,1.53346,1.53369,1.10,1.00
2014.12.22 12:16:16.718,1.53346,1.5337,1.10,1.10
2014.12.22 12:16:19.014,1.53346,1.53364,1.10,1.00
2014.12.22 12:16:19.216,1.53341,1.53365,1.37,1.15
2014.12.22 12:16:20.187,1.53338,1.53364,1.46,1.17
2014.12.22 12:16:20.338,1.53338,1.5336,1.46,1.00
2014.12.22 12:16:21.375,1.53338,1.5336,1.20,1.07
2014.12.22 12:16:21.529,1.53336,1.5336,1.01,1.17
2014.12.22 12:16:21.984,1.53336,1.5336,1.25,3.00
2014.12.22 12:16:23.049,1.53334,1.53359,1.87,1.52
2014.12.22 12:16:24.624,1.53334,1.53359,1.87,1.52
2014.12.22 12:16:24.933,1.53334,1.53356,2.06,2.25
2014.12.22 12:16:25.404,1.53334,1.53356,1.69,2.25
2014.12.22 12:16:26.589,1.53332,1.53352,1.00,2.25
2014.12.22 12:16:26.892,1.53318,1.53341,1.56,2.25
2014.12.22 12:16:26.994,1.53318,1.53341,1.00,2.25
2014.12.22 12:16:27.449,1.53325,1.53341,1.00,2.25
2014.12.22 12:16:27.499,1.53325,1.53346,1.00,1.15
2014.12.22 12:16:27.601,1.5333,1.53351,1.34,1.65
2014.12.22 12:16:27.905,1.53345,1.53352,1.00,2.25
2014.12.22 12:16:28.006,1.53326,1.5335,1.00,1.15
2014.12.22 12:16:28.107,1.53324,1.5335,1.10,2.02
2014.12.22 12:16:28.259,1.53327,1.5335,1.00,1.52
2014.12.22 12:16:28.462,1.53325,1.5335,1.00,1.52
2014.12.22 12:16:28.512,1.53325,1.53349,1.00,2.62
2014.12.22 12:16:28.905,1.5332,1.53344,1.25,1.65
2014.12.22 12:16:29.006,1.53318,1.53344,1.50,2.59
2014.12.22 12:16:30.185,1.53318,1.53344,1.00,2.02
2014.12.22 12:16:30.287,1.53318,1.53341,1.00,2.55
2014.12.22 12:16:30.338,1.53316,1.53341,1.25,5.47
2014.12.22 12:16:31.360,1.53316,1.53334,1.25,1.00
2014.12.22 12:16:31.562,1.53316,1.53339,1.00,1.15
2014.12.22 12:16:32.210,1.53316,1.53334,1.00,1.00
2014.12.22 12:16:32.312,1.53313,1.53334,1.19,1.07
2014.12.22 12:16:32.615,1.5331,1.53334,1.31,1.17
2014.12.22 12:16:33.121,1.53307,1.53335,1.15,2.40
2014.12.22 12:16:33.222,1.53307,1.53334,1.07,2.62
2014.12.22 12:16:33.732,1.53307,1.53334,1.00,4.72
2014.12.22 12:16:34.187,1.53309,1.53334,1.00,4.72
2014.12.22 12:16:34.703,1.53308,1.53334,1.00,5.47
2014.12.22 12:16:35.222,1.53307,1.53334,1.00,4.72
2014.12.22 12:16:35.727,1.53308,1.53334,1.00,4.72
2014.12.22 12:16:36.286,1.53306,1.53334,1.31,7.95
2014.12.22 12:16:36.336,1.53306,1.53329,1.12,2.55
2014.12.22 12:16:36.640,1.53305,1.53324,1.41,1.10
2014.12.22 12:16:36.842,1.53313,1.5333,1.00,1.00
2014.12.22 12:16:37.146,1.53317,1.53334,1.00,1.10
2014.12.22 12:16:39.124,1.53318,1.53338,1.00,2.25
2014.12.22 12:16:40.148,1.53318,1.5334,1.00,1.15
2014.12.22 12:16:40.356,1.53318,1.53334,1.00,1.00
2014.12.22 12:16:40.458,1.53316,1.53334,1.00,1.00
2014.12.22 12:16:41.122,1.53316,1.53335,1.25,1.00
2014.12.22 12:16:41.577,1.53316,1.5334,1.25,1.15
2014.12.22 12:16:41.902,1.53316,1.53334,1.19,1.00
2014.12.22 12:16:42.513,1.53316,1.53334,1.71,1.00
2014.12.22 12:16:42.564,1.53316,1.53339,1.71,1.00
2014.12.22 12:16:42.665,1.53316,1.53339,1.71,1.00
2014.12.22 12:16:42.969,1.53335,1.53344,1.00,1.00
2014.12.22 12:16:43.122,1.53336,1.53354,1.00,1.00
2014.12.22 12:16:43.425,1.53331,1.53359,3.19,1.10
2014.12.22 12:16:43.831,1.53331,1.53357,2.44,1.00
2014.12.22 12:16:44.084,1.53332,1.53359,1.40,1.10
2014.12.22 12:16:44.213,1.53332,1.53359,1.32,1.17
2014.12.22 12:16:44.263,1.53332,1.53359,1.25,1.15
2014.12.22 12:16:45.394,1.53332,1.53354,1.00,1.00
2014.12.22 12:16:45.915,1.5333,1.53355,1.46,1.00
2014.12.22 12:16:53.653,1.53329,1.53354,2.14,1.07
2014.12.22 12:16:53.956,1.53328,1.53352,1.37,3.00
2014.12.22 12:16:54.411,1.53324,1.53346,1.55,1.00
2014.12.22 12:16:54.714,1.53323,1.53346,1.00,1.17
2014.12.22 12:17:00.400,1.53323,1.53346,1.00,5.10
2014.12.22 12:17:00.706,1.53312,1.53336,2.25,1.10
2014.12.22 12:17:01.493,1.53313,1.53336,1.01,1.10
2014.12.22 12:17:02.099,1.53314,1.53336,1.00,1.10
2014.12.22 12:17:02.655,1.53311,1.53336,1.57,1.10
2014.12.22 12:17:03.867,1.53311,1.53336,1.07,1.07
2014.12.22 12:17:04.373,1.53311,1.53336,1.12,1.15
2014.12.22 12:17:04.676,1.53314,1.53336,1.00,1.15
2014.12.22 12:17:04.979,1.53312,1.53336,1.00,1.15
2014.12.22 12:17:05.522,1.53313,1.53336,1.00,1.15
2014.12.22 12:17:06.432,1.53313,1.53336,1.30,1.15
2014.12.22 12:17:07.683,1.53312,1.53336,1.42,1.15
2014.12.22 12:17:10.233,1.53312,1.53336,1.67,1.15
2014.12.22 12:17:10.385,1.53316,1.53338,1.37,1.00
2014.12.22 12:17:10.436,1.53317,1.53338,1.00,1.00
2014.12.22 12:17:10.962,1.53317,1.53342,1.00,1.15
2014.12.22 12:17:11.114,1.53313,1.53337,1.27,1.00
2014.12.22 12:17:11.259,1.5331,1.53337,1.92,1.15
2014.12.22 12:17:11.564,1.53316,1.53338,1.00,2.25
2014.12.22 12:17:11.615,1.53316,1.5334,1.50,1.15
2014.12.22 12:17:14.189,1.53314,1.5334,2.51,1.15
2014.12.22 12:17:17.135,1.53316,1.5334,1.12,1.15
2014.12.22 12:17:17.823,1.53314,1.5334,2.14,1.15
2014.12.22 12:17:17.975,1.53316,1.5334,1.37,1.15
2014.12.22 12:17:18.660,1.53316,1.5334,1.12,1.15
2014.12.22 12:17:19.482,1.53317,1.5334,1.00,1.15
2014.12.22 12:17:20.030,1.53316,1.5334,1.12,1.15
2014.12.22 12:17:20.554,1.53317,1.5334,1.00,1.15
2014.12.22 12:17:21.070,1.53315,1.5334,1.87,1.15
2014.12.22 12:17:21.902,1.53318,1.5334,1.47,1.07
2014.12.22 12:17:22.003,1.53318,1.5334,1.20,1.00
2014.12.22 12:17:22.205,1.53318,1.5334,1.47,1.00
2014.12.22 12:17:22.831,1.53319,1.5334,1.12,1.00
2014.12.22 12:17:23.370,1.53318,1.5334,1.10,1.00
2014.12.22 12:17:23.721,1.5332,1.5334,1.00,1.00
2014.12.22 12:17:24.262,1.53318,1.5334,1.57,1.00
2014.12.22 12:17:24.782,1.5332,1.5334,1.00,1.00
2014.12.22 12:17:25.320,1.53318,1.5334,1.76,1.00
2014.12.22 12:17:25.871,1.5332,1.5334,1.12,1.00
2014.12.22 12:17:26.872,1.53319,1.5334,1.00,1.00
2014.12.22 12:17:27.413,1.53319,1.53345,1.00,3.75
2014.12.22 12:17:27.931,1.5332,1.53345,1.87,3.00
2014.12.22 12:17:28.736,1.5332,1.53345,1.20,1.07
2014.12.22 12:17:28.788,1.5332,1.53345,1.20,1.00
2014.12.22 12:17:29.857,1.53321,1.53345,1.00,1.00
2014.12.22 12:17:30.624,1.5332,1.53345,1.20,1.00
2014.12.22 12:17:32.029,1.53319,1.53344,1.07,2.17
2014.12.22 12:17:32.554,1.53319,1.53344,1.00,3.00
2014.12.22 12:17:33.231,1.53318,1.53344,1.00,2.25
2014.12.22 12:17:33.535,1.5332,1.53344,1.00,2.25
2014.12.22 12:17:35.335,1.5332,1.53339,1.00,2.17
2014.12.22 12:17:35.538,1.53313,1.53336,1.00,1.07
2014.12.22 12:17:35.800,1.53313,1.53336,1.37,1.07
2014.12.22 12:17:36.402,1.53315,1.53336,1.00,1.07
2014.12.22 12:17:36.907,1.53314,1.53336,1.12,1.07
2014.12.22 12:17:37.632,1.53314,1.53336,1.37,1.07
2014.12.22 12:17:38.170,1.53315,1.53336,1.37,1.07
2014.12.22 12:17:39.441,1.53313,1.53336,1.37,1.07
2014.12.22 12:17:40.640,1.53313,1.53336,1.37,1.07
2014.12.22 12:17:41.446,1.53312,1.53336,1.39,1.07
2014.12.22 12:17:41.958,1.53313,1.53336,1.37,1.07
2014.12.22 12:17:43.158,1.53314,1.53336,1.37,1.07
2014.12.22 12:17:43.965,1.53314,1.53336,1.37,1.07
2014.12.22 12:17:44.649,1.53314,1.53336,1.00,1.07
2014.12.22 12:17:44.952,1.53314,1.53336,1.37,1.07
2014.12.22 12:17:45.662,1.53312,1.53336,1.47,1.07
2014.12.22 12:17:46.205,1.53313,1.53336,1.37,1.07
2014.12.22 12:17:46.457,1.53312,1.53336,1.47,1.07
2014.12.22 12:17:46.956,1.53312,1.53336,1.47,1.07
2014.12.22 12:17:50.123,1.53313,1.53336,1.37,1.07
2014.12.22 12:17:50.647,1.53313,1.53336,1.37,1.07
2014.12.22 12:17:50.749,1.53316,1.5334,1.37,1.47
2014.12.22 12:17:51.154,1.53315,1.5334,1.87,1.10
2014.12.22 12:17:51.811,1.53319,1.5334,1.00,1.10
2014.12.22 12:17:52.718,1.53317,1.5334,1.37,1.10
2014.12.22 12:17:53.931,1.53319,1.5334,1.00,1.10
2014.12.22 12:17:55.784,1.53319,1.53342,1.37,1.15
2014.12.22 12:17:56.319,1.53319,1.53342,1.12,1.15
2014.12.22 12:18:02.723,1.53318,1.53342,1.12,1.15
2014.12.22 12:18:02.925,1.5332,1.53342,1.00,1.15
2014.12.22 12:18:03.416,1.53317,1.53342,1.37,1.15
2014.12.22 12:18:03.921,1.53317,1.53342,1.12,1.15
2014.12.22 12:18:06.004,1.53316,1.53342,1.00,1.15
2014.12.22 12:18:06.233,1.53316,1.53342,1.37,1.15
2014.12.22 12:18:06.707,1.53316,1.53342,1.00,1.27
2014.12.22 12:18:06.808,1.53315,1.53338,1.00,1.00
2014.12.22 12:18:07.157,1.53314,1.53338,1.12,1.15
2014.12.22 12:18:10.496,1.53314,1.53338,1.37,1.15
2014.12.22 12:18:11.001,1.53314,1.53338,1.00,1.15
2014.12.22 12:18:23.217,1.53314,1.53336,1.37,1.20
2014.12.22 12:18:23.520,1.53319,1.53339,1.00,1.07
2014.12.22 12:18:24.055,1.5332,1.53339,1.00,1.07
2014.12.22 12:18:24.409,1.53318,1.53339,1.00,1.07
2014.12.22 12:18:24.713,1.5332,1.53339,1.00,1.07
2014.12.22 12:18:25.736,1.53318,1.53339,1.37,1.07
2014.12.22 12:18:26.704,1.5332,1.53339,1.00,1.07
2014.12.22 12:18:27.130,1.53319,1.53339,1.00,1.07
2014.12.22 12:18:28.680,1.53317,1.53339,1.00,1.15
2014.12.22 12:18:29.796,1.53315,1.53339,1.00,1.65
2014.12.22 12:18:41.348,1.53315,1.53335,1.00,1.00
2014.12.22 12:18:41.863,1.53315,1.53339,1.00,1.15
2014.12.22 12:18:42.360,1.53315,1.53335,1.00,2.25
2014.12.22 12:18:42.462,1.53313,1.53333,1.00,1.17
2014.12.22 12:18:42.563,1.53309,1.53333,1.37,1.17
2014.12.22 12:18:43.069,1.5331,1.53335,1.56,3.00
2014.12.22 12:18:43.322,1.53316,1.53335,1.00,3.00
2014.12.22 12:18:45.144,1.53316,1.53335,1.00,1.00
2014.12.22 12:18:45.671,1.53315,1.53334,1.00,1.00
2014.12.22 12:18:47.515,1.53315,1.53335,1.00,1.00
2014.12.22 12:18:54.854,1.53315,1.53335,1.27,1.00
2014.12.22 12:18:59.908,1.53315,1.5334,1.17,1.50
2014.12.22 12:19:00.443,1.53317,1.5334,1.00,1.50
2014.12.22 12:19:01.300,1.53317,1.5334,1.19,1.50
2014.12.22 12:19:01.986,1.53317,1.53343,1.19,1.15
2014.12.22 12:19:02.498,1.53317,1.53343,1.25,1.15
2014.12.22 12:19:02.888,1.53317,1.53339,1.25,1.00
2014.12.22 12:19:07.418,1.53317,1.53343,1.25,1.15
2014.12.22 12:19:08.829,1.53317,1.5334,1.00,1.00
2014.12.22 12:19:09.353,1.53317,1.53343,1.62,1.15
2014.12.22 12:19:09.656,1.5332,1.53343,1.01,1.00
2014.12.22 12:19:09.707,1.5332,1.53346,1.01,1.10
2014.12.22 12:19:09.757,1.53322,1.53345,1.00,1.00
2014.12.22 12:19:10.268,1.53322,1.53344,1.00,1.00
2014.12.22 12:19:16.644,1.53324,1.53345,1.07,1.00
2014.12.22 12:19:16.953,1.53329,1.53344,1.00,1.00
2014.12.22 12:19:19.342,1.53329,1.53344,1.37,1.00
2014.12.22 12:19:19.544,1.53329,1.53349,1.37,1.00
2014.12.22 12:19:19.646,1.53329,1.53345,1.37,1.00
2014.12.22 12:19:20.156,1.53329,1.53344,1.37,1.00
2014.12.22 12:19:20.703,1.53329,1.53344,1.00,1.00
2014.12.22 12:19:21.059,1.53329,1.53345,1.37,1.00
2014.12.22 12:19:21.147,1.53329,1.53345,1.00,1.00
2014.12.22 12:19:21.855,1.53327,1.53349,1.20,1.00
2014.12.22 12:19:21.906,1.53327,1.53347,1.10,1.00
2014.12.22 12:19:26.639,1.53324,1.5335,1.15,2.06
2014.12.22 12:19:27.348,1.53326,1.53344,1.17,1.00
2014.12.22 12:19:27.449,1.53326,1.53349,1.17,1.00
2014.12.22 12:19:28.181,1.53326,1.53349,1.17,1.37
2014.12.22 12:19:28.535,1.53324,1.53344,1.71,1.00
2014.12.22 12:19:28.788,1.53324,1.53349,1.71,1.12
2014.12.22 12:19:28.889,1.53324,1.53349,1.71,1.37
2014.12.22 12:19:28.991,1.53328,1.53349,1.00,1.00
2014.12.22 12:19:29.086,1.53328,1.53344,1.00,1.00
2014.12.22 12:19:30.070,1.53328,1.5335,1.00,1.37
2014.12.22 12:19:30.730,1.53328,1.5335,1.00,1.37
2014.12.22 12:19:31.627,1.53328,1.53344,1.00,1.00
2014.12.22 12:19:32.151,1.53324,1.53344,1.20,1.00
2014.12.22 12:19:32.677,1.53324,1.53345,1.20,1.00
2014.12.22 12:19:32.778,1.53324,1.53345,1.20,1.00
2014.12.22 12:19:33.299,1.53327,1.53344,1.20,1.00
2014.12.22 12:19:33.729,1.53326,1.53349,1.65,1.00
2014.12.22 12:19:33.831,1.53332,1.53349,1.00,1.00
2014.12.22 12:19:34.134,1.53331,1.53354,1.17,1.00
2014.12.22 12:19:34.488,1.53332,1.53355,2.92,1.00
2014.12.22 12:19:35.005,1.53332,1.53354,5.10,1.00
2014.12.22 12:19:35.574,1.53332,1.53355,5.47,1.00
2014.12.22 12:19:36.145,1.53332,1.53356,5.66,1.00
2014.12.22 12:19:37.323,1.53332,1.53354,5.66,1.00
2014.12.22 12:19:39.220,1.53335,1.53355,1.15,1.00
2014.12.22 12:19:42.055,1.53333,1.53354,1.27,1.00
2014.12.22 12:19:42.641,1.53333,1.53356,1.27,1.00
2014.12.22 12:19:43.177,1.53333,1.53355,1.15,1.00
2014.12.22 12:19:44.143,1.53333,1.53356,1.00,1.00
2014.12.22 12:19:44.578,1.53333,1.53354,1.00,1.00
2014.12.22 12:19:47.007,1.53333,1.53349,1.00,1.00
2014.12.22 12:19:47.261,1.5333,1.53349,1.57,1.00
2014.12.22 12:19:47.463,1.53331,1.53352,1.00,1.00
2014.12.22 12:19:48.579,1.53331,1.53349,1.00,1.00
2014.12.22 12:19:49.316,1.53331,1.53352,1.00,1.00
2014.12.22 12:19:50.850,1.53331,1.53349,1.00,1.00
2014.12.22 12:19:51.103,1.53331,1.53352,1.00,1.00
2014.12.22 12:19:54.810,1.53331,1.5335,1.00,1.00
2014.12.22 12:19:54.962,1.53327,1.5335,1.76,1.00
2014.12.22 12:19:55.063,1.53327,1.53352,1.76,1.00
2014.12.22 12:19:56.457,1.53327,1.53349,1.76,1.00
2014.12.22 12:19:56.812,1.53327,1.53352,2.14,1.00
2014.12.22 12:19:57.344,1.53327,1.53352,1.46,1.00
2014.12.22 12:19:58.320,1.53327,1.53352,1.46,1.00
2014.12.22 12:19:59.603,1.53327,1.53352,1.46,1.00
2014.12.22 12:20:00.021,1.53327,1.53352,1.46,1.00
2014.12.22 12:20:00.325,1.53332,1.53354,1.10,1.00
2014.12.22 12:20:00.578,1.53332,1.53357,1.10,1.39
2014.12.22 12:20:03.852,1.53332,1.53354,1.57,1.00
2014.12.22 12:20:05.608,1.53332,1.53357,1.20,1.07
2014.12.22 12:20:07.956,1.53332,1.53357,1.20,1.45
2014.12.22 12:20:08.007,1.53332,1.53357,1.20,3.37
2014.12.22 12:20:08.311,1.53325,1.53349,1.70,1.07
2014.12.22 12:20:08.362,1.53325,1.5335,1.40,1.12
2014.12.22 12:20:08.463,1.53325,1.53349,1.25,1.17
2014.12.22 12:20:08.565,1.53327,1.5335,1.10,1.20
2014.12.22 12:20:08.920,1.53327,1.53351,1.10,3.37
2014.12.22 12:20:09.438,1.53326,1.53349,1.12,1.15
2014.12.22 12:20:12.641,1.53326,1.53349,1.50,1.65
2014.12.22 12:20:12.794,1.53326,1.53349,1.65,1.00
2014.12.22 12:20:13.451,1.53329,1.53349,1.37,1.00
2014.12.22 12:20:13.502,1.53331,1.53353,1.37,1.15
2014.12.22 12:20:13.654,1.53329,1.53353,2.02,1.00
2014.12.22 12:20:13.755,1.53333,1.53353,1.00,1.00
2014.12.22 12:20:18.916,1.53332,1.53353,1.00,1.00
2014.12.22 12:20:19.420,1.5333,1.53353,1.17,1.00
2014.12.22 12:20:22.990,1.53328,1.5335,1.27,1.00
2014.12.22 12:20:23.209,1.53328,1.53353,1.52,1.00
2014.12.22 12:20:26.294,1.53328,1.53353,1.65,1.00
2014.12.22 12:20:26.800,1.53331,1.53354,1.47,1.00
2014.12.22 12:20:27.586,1.53331,1.53354,1.20,1.00
2014.12.22 12:20:28.489,1.53331,1.5335,1.10,1.00
2014.12.22 12:20:28.590,1.53331,1.53354,1.10,1.50
2014.12.22 12:20:29.499,1.53331,1.5335,1.10,1.00
2014.12.22 12:20:29.600,1.53331,1.53354,1.10,1.00
2014.12.22 12:20:30.458,1.53331,1.53349,1.10,1.00
2014.12.22 12:20:30.559,1.53328,1.53349,1.12,1.00
2014.12.22 12:20:31.015,1.53325,1.5335,1.37,1.15
2014.12.22 12:20:31.541,1.53323,1.53349,2.14,1.17
2014.12.22 12:20:32.174,1.53323,1.53349,1.57,1.17
2014.12.22 12:20:34.413,1.53323,1.53349,1.95,1.17
2014.12.22 12:20:34.926,1.53323,1.53349,1.95,1.17
2014.12.22 12:20:36.900,1.53323,1.53349,1.95,1.17
2014.12.22 12:20:37.204,1.5333,1.53353,1.12,1.15
2014.12.22 12:20:37.306,1.5333,1.53353,1.45,1.00
2014.12.22 12:20:37.937,1.53331,1.53353,1.47,1.00
2014.12.22 12:20:41.457,1.53331,1.53353,1.20,1.00
2014.12.22 12:20:43.615,1.53331,1.53356,1.57,1.07
2014.12.22 12:20:44.118,1.53332,1.53356,1.00,1.07
2014.12.22 12:20:47.649,1.53332,1.53355,1.00,1.47
2014.12.22 12:20:47.953,1.5333,1.5335,1.12,1.00
2014.12.22 12:20:48.389,1.5333,1.53344,1.12,1.00
2014.12.22 12:20:48.491,1.53328,1.53344,1.12,1.00
2014.12.22 12:20:48.642,1.53329,1.53349,1.12,1.00
2014.12.22 12:20:48.744,1.53329,1.53354,1.12,2.02
2014.12.22 12:20:49.249,1.5333,1.53354,1.00,2.21
2014.12.22 12:20:55.980,1.5333,1.53354,1.37,1.15
2014.12.22 12:20:57.773,1.53329,1.53354,1.37,1.15
2014.12.22 12:20:58.230,1.53329,1.5335,1.00,2.25
2014.12.22 12:20:58.281,1.53325,1.5335,1.12,2.25
2014.12.22 12:20:58.433,1.53323,1.53349,1.87,1.15
2014.12.22 12:20:58.556,1.53325,1.53349,1.00,1.15
2014.12.22 12:20:59.143,1.53325,1.53345,1.00,1.00
2014.12.22 12:21:02.263,1.53321,1.53345,1.27,1.00
2014.12.22 12:21:06.320,1.53324,1.53345,1.00,1.00
2014.12.22 12:21:06.674,1.53327,1.53345,1.37,1.00
2014.12.22 12:21:07.179,1.53328,1.53345,1.37,1.00
2014.12.22 12:21:09.466,1.53328,1.53345,1.37,1.00
2014.12.22 12:21:09.709,1.53328,1.53345,1.12,1.00
2014.12.22 12:21:09.760,1.5333,1.53345,1.10,1.00
2014.12.22 12:21:09.810,1.5333,1.53352,1.47,1.00
2014.12.22 12:21:09.912,1.53328,1.53352,1.52,1.00
2014.12.22 12:21:10.064,1.53332,1.53352,1.00,1.00
2014.12.22 12:21:10.859,1.53328,1.53352,1.27,1.00
2014.12.22 12:21:11.674,1.53328,1.53352,1.84,1.00
2014.12.22 12:21:13.289,1.53328,1.53352,1.52,1.00
2014.12.22 12:21:14.183,1.53328,1.53352,1.52,1.00
2014.12.22 12:21:14.785,1.53328,1.53352,1.52,1.00
2014.12.22 12:21:14.938,1.53331,1.53352,1.37,1.00
2014.12.22 12:21:15.445,1.53331,1.53352,1.37,1.00
2014.12.22 12:21:15.692,1.53331,1.53352,1.50,1.00
2014.12.22 12:21:16.197,1.53329,1.53352,1.55,1.00
2014.12.22 12:21:18.235,1.53329,1.5335,1.27,1.00
2014.12.22 12:21:18.799,1.53329,1.53348,1.27,1.00
2014.12.22 12:21:21.091,1.53329,1.53348,1.00,1.00
2014.12.22 12:21:21.193,1.53327,1.53348,1.00,1.52
2014.12.22 12:21:21.294,1.53326,1.53345,1.31,1.00
2014.12.22 12:21:21.395,1.53326,1.53348,1.25,1.52
2014.12.22 12:21:21.522,1.53326,1.53348,1.00,1.52
2014.12.22 12:21:21.624,1.53323,1.53348,1.00,2.02
2014.12.22 12:21:21.725,1.53323,1.53348,1.00,2.40
2014.12.22 12:21:21.927,1.53322,1.53347,1.20,1.57
2014.12.22 12:21:21.979,1.53322,1.53347,1.00,3.37
2014.12.22 12:21:22.282,1.53326,1.53345,1.00,1.00
2014.12.22 12:21:22.484,1.53324,1.53345,1.00,1.00
2014.12.22 12:21:22.636,1.53326,1.53345,1.00,1.00
2014.12.22 12:21:22.788,1.53328,1.53349,1.00,1.00
2014.12.22 12:21:23.799,1.5333,1.53349,1.00,1.00
2014.12.22 12:21:24.180,1.5333,1.53349,1.52,1.00
2014.12.22 12:21:24.331,1.53333,1.53352,1.00,1.00
2014.12.22 12:21:24.433,1.53333,1.53356,1.00,1.37
2014.12.22 12:21:24.971,1.53334,1.53356,1.00,1.37
2014.12.22 12:21:25.489,1.53334,1.53356,1.00,1.00
2014.12.22 12:21:26.133,1.53334,1.53356,1.37,1.00
2014.12.22 12:21:26.438,1.53342,1.53364,1.00,1.37
2014.12.22 12:21:26.489,1.53343,1.53367,2.25,2.06
2014.12.22 12:21:26.590,1.53342,1.53367,1.17,1.47
2014.12.22 12:21:26.691,1.53344,1.53364,1.15,1.00
2014.12.22 12:21:27.509,1.53342,1.53364,1.07,1.50
2014.12.22 12:21:28.527,1.53344,1.53364,1.00,1.00
2014.12.22 12:21:28.678,1.53344,1.53364,1.15,1.00
2014.12.22 12:21:30.824,1.53343,1.53364,1.25,1.00
2014.12.22 12:21:30.875,1.53347,1.53364,1.00,1.50
2014.12.22 12:21:31.178,1.5335,1.53374,3.00,1.00
2014.12.22 12:21:31.229,1.53348,1.53371,1.17,1.00
2014.12.22 12:21:31.683,1.5335,1.53375,1.00,2.29
2014.12.22 12:21:32.089,1.5335,1.53369,1.00,1.00
2014.12.22 12:21:33.701,1.53348,1.53369,1.00,1.37
2014.12.22 12:21:33.802,1.53348,1.53369,1.00,1.00
2014.12.22 12:21:33.853,1.53348,1.53364,1.00,1.00
2014.12.22 12:21:34.361,1.53349,1.53364,1.00,1.00
2014.12.22 12:21:35.243,1.53346,1.53364,1.00,1.00
2014.12.22 12:21:35.395,1.53346,1.53368,1.00,1.00
2014.12.22 12:21:35.496,1.53346,1.53364,1.00,1.00
2014.12.22 12:21:35.568,1.53346,1.53368,1.00,1.00
2014.12.22 12:21:35.820,1.53346,1.53365,1.00,1.00
2014.12.22 12:21:35.921,1.53346,1.53368,1.00,1.00
2014.12.22 12:21:36.472,1.53346,1.53365,1.00,1.00
2014.12.22 12:21:36.573,1.53344,1.53364,1.00,1.00
2014.12.22 12:21:36.675,1.53338,1.53364,1.65,1.00
2014.12.22 12:21:37.188,1.53341,1.53367,1.57,1.40
2014.12.22 12:21:37.810,1.53345,1.53369,1.00,3.75
2014.12.22 12:21:48.351,1.53346,1.53369,1.00,3.94
2014.12.22 12:21:52.287,1.53345,1.53369,1.00,3.00
2014.12.22 12:21:52.399,1.53343,1.53369,1.00,3.75
2014.12.22 12:21:53.099,1.53343,1.53364,1.00,1.00
2014.12.22 12:21:53.703,1.53342,1.53365,1.00,1.10
2014.12.22 12:21:54.607,1.53342,1.53364,1.00,1.00
2014.12.22 12:21:56.250,1.53342,1.53369,1.12,4.50
2014.12.22 12:21:56.402,1.53344,1.53364,1.00,1.00
2014.12.22 12:21:56.711,1.53346,1.53365,1.00,1.00
2014.12.22 12:21:56.812,1.53346,1.5337,1.00,1.34
2014.12.22 12:21:57.127,1.53346,1.53365,1.00,1.00
2014.12.22 12:22:00.134,1.53346,1.53369,1.00,1.17
2014.12.22 12:22:02.627,1.53346,1.53364,1.00,1.00
2014.12.22 12:22:05.602,1.53346,1.5337,1.00,1.15
2014.12.22 12:22:11.867,1.53346,1.53365,1.00,1.00
2014.12.22 12:22:12.425,1.53346,1.53364,1.00,1.00
2014.12.22 12:22:12.527,1.53349,1.53369,1.00,1.17
2014.12.22 12:22:12.881,1.53349,1.5337,1.50,1.00
2014.12.22 12:22:13.390,1.53349,1.53369,1.50,1.00
2014.12.22 12:22:13.896,1.53349,1.5337,1.50,1.00
2014.12.22 12:22:14.307,1.5335,1.53374,1.00,1.20
2014.12.22 12:22:15.201,1.5335,1.53369,1.00,1.00
2014.12.22 12:22:15.303,1.5335,1.53375,1.00,1.65
2014.12.22 12:22:15.386,1.5335,1.5337,1.00,1.00
2014.12.22 12:22:15.998,1.5335,1.53369,1.00,1.00
2014.12.22 12:22:16.532,1.5335,1.5337,1.00,1.00
2014.12.22 12:22:17.076,1.53349,1.5337,1.50,1.00
2014.12.22 12:22:17.417,1.53349,1.53375,1.37,1.84
2014.12.22 12:22:18.137,1.53349,1.5337,1.87,1.00
2014.12.22 12:22:18.743,1.53349,1.5337,1.50,1.00
2014.12.22 12:22:19.253,1.53349,1.53369,1.50,1.00
2014.12.22 12:22:19.770,1.53349,1.5337,1.00,1.00
2014.12.22 12:22:20.291,1.5335,1.5337,1.00,1.17
2014.12.22 12:22:20.392,1.53347,1.53369,1.12,1.10
2014.12.22 12:22:20.899,1.53348,1.53369,1.00,1.10
2014.12.22 12:22:32.134,1.53348,1.53364,1.00,1.00
2014.12.22 12:22:32.337,1.53348,1.5337,1.00,1.17
2014.12.22 12:22:34.856,1.53348,1.53365,1.00,1.00
2014.12.22 12:22:36.636,1.53348,1.53369,1.00,1.10
2014.12.22 12:22:40.194,1.53348,1.5337,1.00,1.10
2014.12.22 12:22:40.770,1.53348,1.53369,1.00,1.00
2014.12.22 12:22:40.872,1.53348,1.5337,1.07,1.10
2014.12.22 12:22:41.177,1.53352,1.53369,1.00,1.00
2014.12.22 12:22:41.278,1.53349,1.53369,1.00,1.00
2014.12.22 12:22:41.330,1.53347,1.53369,1.10,1.00
2014.12.22 12:22:41.858,1.53346,1.5337,1.17,1.50
2014.12.22 12:22:41.909,1.53345,1.53369,1.00,1.15
2014.12.22 12:22:42.292,1.53345,1.53369,1.00,3.00
2014.12.22 12:22:42.888,1.53345,1.53364,1.00,1.00
2014.12.22 12:22:43.454,1.53345,1.53369,1.00,3.00
2014.12.22 12:22:44.147,1.53345,1.53362,1.00,1.00
2014.12.22 12:22:44.249,1.53343,1.53362,1.00,1.00
2014.12.22 12:22:44.502,1.53342,1.5336,1.00,1.00
2014.12.22 12:22:44.553,1.5334,1.5336,1.00,1.00
2014.12.22 12:22:44.959,1.5334,1.53359,1.00,1.19
2014.12.22 12:22:45.111,1.5333,1.53352,1.00,1.15
2014.12.22 12:22:45.212,1.5333,1.53348,1.00,2.25
2014.12.22 12:22:45.516,1.5333,1.53344,1.00,1.15
2014.12.22 12:22:45.618,1.53325,1.53345,1.00,3.00
2014.12.22 12:22:45.720,1.53323,1.53343,1.00,1.17
2014.12.22 12:22:45.904,1.53323,1.53339,1.00,1.00
2014.12.22 12:22:46.006,1.53323,1.53343,1.00,1.17
2014.12.22 12:22:46.317,1.53323,1.53339,1.00,1.00
2014.12.22 12:22:46.525,1.53323,1.53343,1.00,1.17
2014.12.22 12:22:47.625,1.53321,1.53343,1.00,1.17
2014.12.22 12:22:47.727,1.53317,1.5334,1.10,1.00
2014.12.22 12:22:47.879,1.5332,1.5334,1.00,1.00
2014.12.22 12:22:48.031,1.5332,1.53344,1.46,1.10
2014.12.22 12:22:48.082,1.53325,1.53346,1.00,1.15
2014.12.22 12:22:50.116,1.53325,1.53346,1.10,1.00
2014.12.22 12:22:50.217,1.53326,1.53348,1.00,1.00
2014.12.22 12:22:50.268,1.5333,1.53348,1.00,1.00
2014.12.22 12:22:50.723,1.53332,1.53352,1.00,1.00
2014.12.22 12:22:50.774,1.53332,1.53354,1.00,1.20
2014.12.22 12:22:53.056,1.53332,1.53353,1.00,2.17
2014.12.22 12:22:53.158,1.5333,1.5335,1.00,1.15
2014.12.22 12:22:53.208,1.5333,1.53344,1.00,1.00
2014.12.22 12:22:53.361,1.53328,1.53344,1.00,1.00
2014.12.22 12:22:53.462,1.53331,1.53344,1.00,1.00
2014.12.22 12:22:53.513,1.53331,1.53351,1.00,1.07
2014.12.22 12:22:53.564,1.53332,1.53351,1.00,1.00
2014.12.22 12:22:53.716,1.53329,1.53351,1.00,1.00
2014.12.22 12:22:54.358,1.53329,1.53349,1.00,1.00
2014.12.22 12:22:54.557,1.53329,1.53351,1.00,1.00
2014.12.22 12:22:55.685,1.5333,1.53351,1.00,1.00
2014.12.22 12:22:55.908,1.53333,1.53351,1.00,1.00
2014.12.22 12:22:56.110,1.53331,1.53351,1.00,1.00
2014.12.22 12:22:56.739,1.53331,1.53351,1.00,2.92
2014.12.22 12:22:57.254,1.5333,1.53349,1.00,1.15
2014.12.22 12:22:57.639,1.53326,1.53349,1.00,1.15
2014.12.22 12:22:57.791,1.53326,1.53345,1.00,1.00
2014.12.22 12:22:57.892,1.53324,1.53344,1.25,1.10
2014.12.22 12:22:58.948,1.53326,1.53345,1.00,1.17
2014.12.22 12:22:59.715,1.53328,1.53348,1.00,3.00
2014.12.22 12:23:00.179,1.53329,1.53348,1.00,1.00
2014.12.22 12:23:00.230,1.53329,1.53352,1.00,1.34
2014.12.22 12:23:00.281,1.53331,1.53352,1.00,1.15
2014.12.22 12:23:00.788,1.53332,1.53354,1.00,1.15
2014.12.22 12:23:04.558,1.53332,1.5335,1.00,1.00
2014.12.22 12:23:05.067,1.53332,1.53349,1.00,1.00
2014.12.22 12:23:08.851,1.53332,1.53353,1.00,1.15
2014.12.22 12:23:09.418,1.5333,1.53349,1.00,1.00
2014.12.22 12:23:10.069,1.5333,1.53344,1.00,1.00
2014.12.22 12:23:11.946,1.53327,1.53344,1.00,1.47
2014.12.22 12:23:12.049,1.53324,1.53344,1.00,1.20
2014.12.22 12:23:12.150,1.53326,1.53344,1.00,1.10
2014.12.22 12:23:12.615,1.53328,1.53344,1.00,1.10
2014.12.22 12:23:15.689,1.53325,1.53347,1.00,1.15
2014.12.22 12:23:15.891,1.53328,1.53347,1.00,1.15
2014.12.22 12:23:16.674,1.53325,1.53345,1.00,1.07
2014.12.22 12:23:17.195,1.53326,1.53347,1.00,1.15
2014.12.22 12:23:17.296,1.53324,1.53347,1.00,1.15
2014.12.22 12:23:17.751,1.53326,1.53347,1.00,1.15
2014.12.22 12:23:18.084,1.53328,1.53347,1.00,1.15
2014.12.22 12:23:18.389,1.53328,1.53347,1.00,1.00
2014.12.22 12:23:18.934,1.53329,1.53347,1.00,1.00
2014.12.22 12:23:20.947,1.53327,1.53347,1.00,1.00
2014.12.22 12:23:21.503,1.53328,1.53347,1.00,1.00
2014.12.22 12:23:22.355,1.53326,1.53347,1.00,1.00
2014.12.22 12:23:22.611,1.53328,1.53347,1.00,1.00
2014.12.22 12:23:31.389,1.53327,1.53347,1.00,1.00
2014.12.22 12:23:34.139,1.53326,1.53347,1.00,1.00
2014.12.22 12:23:34.445,1.53328,1.53347,1.00,1.00
2014.12.22 12:23:35.142,1.53327,1.53347,1.00,1.00
2014.12.22 12:23:44.120,1.53327,1.53347,1.37,1.10
2014.12.22 12:23:44.424,1.53333,1.53352,1.00,5.10
2014.12.22 12:23:44.475,1.53328,1.53349,1.00,1.15
2014.12.22 12:23:44.576,1.53326,1.53349,1.00,1.15
2014.12.22 12:23:44.728,1.53326,1.53348,1.00,2.25
2014.12.22 12:23:48.456,1.53325,1.53348,1.00,2.44
2014.12.22 12:23:48.760,1.53324,1.53344,1.00,2.92
2014.12.22 12:23:48.861,1.53324,1.53344,1.00,1.50
2014.12.22 12:23:48.962,1.53325,1.5335,1.37,1.65
2014.12.22 12:23:49.063,1.53325,1.5335,1.00,1.15
2014.12.22 12:23:49.114,1.53327,1.53344,1.00,1.00
2014.12.22 12:23:49.314,1.53325,1.53344,1.12,1.00
2014.12.22 12:23:49.365,1.53325,1.53349,1.00,1.15
2014.12.22 12:23:49.567,1.53325,1.53348,1.00,3.00
2014.12.22 12:23:53.878,1.53325,1.53348,1.00,1.01
2014.12.22 12:23:54.081,1.53331,1.53352,1.00,2.25
2014.12.22 12:23:54.183,1.53331,1.53354,1.00,1.40
2014.12.22 12:23:54.734,1.53331,1.53351,1.00,1.00
2014.12.22 12:23:58.987,1.53329,1.53351,1.00,1.00
2014.12.22 12:23:59.479,1.53329,1.53351,1.00,2.92
2014.12.22 12:24:06.377,1.53329,1.53351,1.00,1.00
2014.12.22 12:24:06.478,1.53332,1.53351,1.00,1.00
2014.12.22 12:24:06.984,1.53333,1.53354,1.00,1.65
2014.12.22 12:24:09.666,1.53332,1.53354,1.00,1.65
2014.12.22 12:24:13.002,1.53329,1.53354,1.00,1.15
2014.12.22 12:24:13.405,1.53332,1.53352,1.00,1.10
2014.12.22 12:24:13.861,1.5333,1.53352,1.00,1.10
2014.12.22 12:24:13.962,1.53333,1.53354,1.00,1.15
2014.12.22 12:24:14.266,1.53335,1.53355,1.00,1.65
2014.12.22 12:24:14.643,1.53333,1.53355,1.00,1.15
2014.12.22 12:24:15.195,1.53335,1.53355,1.00,1.15
2014.12.22 12:24:20.595,1.53335,1.53355,1.00,1.10
2014.12.22 12:24:21.874,1.53335,1.53355,1.00,2.92
2014.12.22 12:24:22.379,1.53334,1.53355,1.00,3.75
2014.12.22 12:24:24.641,1.53328,1.53352,1.10,1.07
2014.12.22 12:24:24.843,1.53331,1.53352,1.00,1.07
2014.12.22 12:24:25.147,1.53334,1.53354,1.00,1.15
2014.12.22 12:24:26.093,1.53333,1.53354,1.00,1.15
2014.12.22 12:24:26.707,1.53326,1.53347,1.17,1.00
2014.12.22 12:24:26.758,1.53325,1.53347,1.25,1.00
2014.12.22 12:24:26.960,1.53331,1.53349,1.00,1.09
2014.12.22 12:24:27.061,1.53328,1.53349,1.00,1.09
2014.12.22 12:24:27.584,1.53331,1.53349,1.00,1.09
2014.12.22 12:24:27.836,1.53329,1.53349,1.00,1.17
2014.12.22 12:24:28.354,1.53331,1.53349,1.00,1.17
2014.12.22 12:24:28.915,1.53328,1.53349,1.00,1.17
2014.12.22 12:24:29.344,1.5333,1.53349,1.00,1.17
2014.12.22 12:24:29.904,1.53329,1.53349,1.00,1.17
2014.12.22 12:24:30.446,1.53331,1.53349,1.00,1.17
2014.12.22 12:24:30.599,1.53328,1.53349,1.00,1.17
2014.12.22 12:24:31.442,1.5333,1.53349,1.00,1.17
2014.12.22 12:24:32.127,1.53329,1.53352,1.00,2.25
2014.12.22 12:24:35.195,1.53326,1.53349,1.00,3.00
2014.12.22 12:24:35.507,1.53329,1.53349,1.00,1.65
2014.12.22 12:24:47.054,1.53329,1.53353,1.00,3.00
2014.12.22 12:24:47.307,1.53332,1.53353,1.00,1.15
2014.12.22 12:24:47.846,1.53331,1.53353,1.00,1.15
2014.12.22 12:24:49.256,1.53331,1.53353,1.10,1.00
2014.12.22 12:24:51.753,1.53331,1.53353,1.47,1.00
2014.12.22 12:24:51.906,1.53334,1.53356,1.55,1.00
2014.12.22 12:24:51.957,1.53334,1.53356,1.55,1.00
2014.12.22 12:24:52.059,1.5334,1.53364,1.00,3.56
2014.12.22 12:24:52.110,1.5334,1.53364,1.00,3.37
2014.12.22 12:24:52.261,1.53336,1.53359,2.21,1.30
2014.12.22 12:24:52.413,1.53339,1.53364,1.15,1.00
2014.12.22 12:24:52.565,1.53346,1.53365,1.00,1.00
2014.12.22 12:24:52.868,1.53348,1.53365,1.00,1.00
2014.12.22 12:24:59.158,1.53348,1.53371,1.00,1.17
2014.12.22 12:24:59.672,1.53349,1.53371,1.20,1.00
2014.12.22 12:25:00.219,1.5335,1.53371,1.00,1.00
2014.12.22 12:25:00.980,1.5335,1.53371,3.00,1.00
2014.12.22 12:25:01.030,1.5335,1.53374,3.00,1.00
2014.12.22 12:25:04.677,1.53355,1.53374,1.00,1.00
2014.12.22 12:25:04.778,1.53355,1.53378,1.00,1.17
2014.12.22 12:25:06.743,1.53358,1.53378,1.00,1.17
2014.12.22 12:25:11.855,1.53358,1.53375,1.00,1.00
2014.12.22 12:25:12.374,1.53358,1.53378,1.00,1.17
2014.12.22 12:25:13.148,1.53357,1.53378,1.00,1.09
2014.12.22 12:25:13.351,1.53355,1.53378,1.00,1.09
2014.12.22 12:25:13.818,1.53355,1.53374,1.00,1.00
2014.12.22 12:25:14.471,1.53355,1.53375,1.00,1.00
2014.12.22 12:25:14.775,1.5335,1.53374,1.00,2.47
2014.12.22 12:25:14.826,1.5335,1.53374,1.00,1.91
2014.12.22 12:25:15.028,1.53347,1.53372,1.00,1.31
2014.12.22 12:25:23.308,1.53347,1.5337,1.00,1.30
2014.12.22 12:25:23.510,1.53346,1.53368,1.00,1.30
2014.12.22 12:25:24.021,1.53344,1.53368,1.15,1.72
2014.12.22 12:25:24.339,1.53344,1.53368,1.00,1.87
2014.12.22 12:25:25.057,1.53344,1.53367,1.00,1.69
2014.12.22 12:25:25.563,1.53342,1.53364,1.17,1.50
2014.12.22 12:25:27.027,1.53342,1.53364,1.17,1.62
2014.12.22 12:25:29.636,1.53342,1.53364,1.17,2.06
2014.12.22 12:25:29.939,1.53342,1.53361,1.17,1.12
2014.12.22 12:25:30.091,1.53338,1.53359,1.00,1.12
2014.12.22 12:25:30.193,1.53336,1.53359,1.01,1.00
2014.12.22 12:25:32.734,1.53337,1.5336,2.17,1.00
2014.12.22 12:25:34.190,1.53337,1.53359,3.00,1.00
2014.12.22 12:25:36.604,1.53338,1.53364,1.15,2.14
2014.12.22 12:25:38.354,1.53338,1.5336,1.15,1.00
2014.12.22 12:25:38.553,1.53338,1.53364,1.15,1.10
2014.12.22 12:25:38.815,1.53338,1.53359,1.40,1.00
2014.12.22 12:25:43.424,1.53338,1.5336,1.15,1.00
2014.12.22 12:25:44.204,1.53338,1.53359,1.15,1.00
2014.12.22 12:25:50.543,1.53338,1.53364,1.15,1.20
2014.12.22 12:25:51.864,1.53338,1.53359,1.15,1.00
2014.12.22 12:25:53.344,1.53337,1.5336,4.54,1.00
2014.12.22 12:25:54.662,1.53337,1.53362,4.35,1.00
2014.12.22 12:25:55.067,1.53337,1.53359,4.35,1.00
2014.12.22 12:25:55.726,1.53337,1.53362,4.35,1.00
2014.12.22 12:25:58.741,1.5334,1.53362,2.25,1.00
2014.12.22 12:25:58.792,1.53341,1.53364,2.25,2.66
2014.12.22 12:26:00.243,1.53345,1.53365,1.10,1.00
2014.12.22 12:26:00.775,1.53345,1.53364,1.10,1.00
2014.12.22 12:26:01.324,1.53345,1.53367,1.10,1.00
2014.12.22 12:26:16.274,1.53347,1.53367,2.25,1.00
2014.12.22 12:26:16.679,1.5335,1.53372,1.17,1.00
2014.12.22 12:26:18.838,1.53353,1.53372,1.00,1.00
2014.12.22 12:26:26.835,1.53354,1.53372,1.00,1.00
2014.12.22 12:26:29.213,1.53354,1.53375,2.92,1.00
2014.12.22 12:26:29.314,1.53356,1.53379,1.15,1.25
2014.12.22 12:26:29.847,1.53358,1.5338,1.20,1.12
2014.12.22 12:26:30.614,1.53354,1.53375,5.85,1.00
2014.12.22 12:26:30.914,1.53354,1.5338,5.85,2.25
2014.12.22 12:26:31.429,1.53357,1.53375,1.15,1.00
2014.12.22 12:26:31.583,1.53351,1.53375,3.00,1.50
2014.12.22 12:26:32.299,1.53349,1.53375,3.19,2.32
2014.12.22 12:26:32.869,1.53349,1.53375,1.15,2.32
2014.12.22 12:26:36.326,1.53349,1.53374,1.15,1.00
2014.12.22 12:26:39.303,1.53349,1.53375,1.65,2.32
2014.12.22 12:26:39.354,1.53349,1.53373,1.15,1.00
2014.12.22 12:26:43.532,1.53348,1.53373,2.25,1.19
2014.12.22 12:26:44.590,1.53348,1.53373,2.25,1.25
2014.12.22 12:26:45.513,1.53348,1.53369,2.25,1.00
2014.12.22 12:26:46.155,1.53348,1.53371,2.25,1.00
2014.12.22 12:26:50.972,1.53348,1.5337,2.25,1.00
2014.12.22 12:26:51.023,1.53348,1.53368,3.19,1.00
2014.12.22 12:26:51.124,1.53348,1.53373,3.19,1.00
2014.12.22 12:26:53.144,1.53352,1.53373,1.17,1.00
2014.12.22 12:26:53.854,1.53352,1.53373,1.15,1.00
2014.12.22 12:27:05.164,1.53352,1.53373,1.00,1.00
2014.12.22 12:27:07.853,1.5335,1.53373,1.10,1.00
2014.12.22 12:27:24.160,1.5335,1.5337,1.10,1.00
2014.12.22 12:27:25.840,1.5335,1.53369,1.10,1.00
2014.12.22 12:27:27.233,1.5335,1.5337,1.10,1.00
2014.12.22 12:27:28.362,1.5335,1.53369,1.10,1.00
2014.12.22 12:27:31.111,1.53349,1.5337,1.07,1.00
2014.12.22 12:27:31.629,1.53349,1.53369,1.07,1.00
2014.12.22 12:27:32.137,1.53349,1.5337,1.07,1.00
2014.12.22 12:27:32.706,1.5335,1.53369,1.10,1.00
2014.12.22 12:27:37.131,1.5335,1.53373,1.10,1.62
2014.12.22 12:27:37.575,1.5335,1.53369,1.10,1.00
2014.12.22 12:27:38.040,1.53348,1.53369,1.00,1.00
2014.12.22 12:27:43.842,1.53348,1.5337,1.00,1.00
2014.12.22 12:27:47.891,1.53346,1.5337,1.20,1.00
2014.12.22 12:27:48.396,1.53347,1.5337,1.00,1.00
2014.12.22 12:27:54.440,1.53347,1.53369,1.00,1.00
2014.12.22 12:27:55.061,1.53347,1.5337,1.00,1.00
2014.12.22 12:27:59.142,1.53347,1.53369,1.00,1.00
2014.12.22 12:27:59.252,1.53349,1.53369,1.00,1.00
2014.12.22 12:27:59.404,1.53349,1.53371,1.00,1.20
2014.12.22 12:27:59.606,1.53349,1.53369,1.00,1.00
2014.12.22 12:28:00.357,1.53349,1.5337,1.00,1.00
2014.12.22 12:28:00.863,1.53349,1.53369,1.00,1.00
2014.12.22 12:28:00.914,1.53349,1.53371,1.00,1.20
2014.12.22 12:28:01.688,1.53349,1.5337,1.00,1.00
2014.12.22 12:28:02.202,1.53349,1.53371,1.00,1.20
2014.12.22 12:28:02.870,1.53349,1.53369,1.00,1.00
2014.12.22 12:28:03.445,1.53349,1.53371,1.00,1.20
2014.12.22 12:28:37.464,1.53349,1.5337,1.00,1.30
2014.12.22 12:28:38.427,1.53349,1.5337,1.00,1.12
2014.12.22 12:28:39.375,1.53348,1.53371,1.00,1.15
2014.12.22 12:28:39.427,1.53348,1.53371,1.15,1.00
2014.12.22 12:28:39.478,1.53351,1.53374,1.10,1.91
2014.12.22 12:28:39.528,1.53352,1.53374,1.00,3.41
2014.12.22 12:28:39.630,1.5335,1.53374,1.00,4.16
2014.12.22 12:28:39.833,1.53348,1.53374,1.50,3.19
2014.12.22 12:28:47.179,1.53347,1.53371,1.10,1.17
2014.12.22 12:28:50.176,1.53348,1.53371,1.00,1.17
2014.12.22 12:28:52.403,1.53348,1.53371,1.00,3.00
2014.12.22 12:28:52.606,1.53343,1.53369,1.19,1.15
2014.12.22 12:28:53.364,1.53343,1.53369,1.25,1.15
2014.12.22 12:28:55.434,1.53343,1.53369,1.19,1.15
2014.12.22 12:28:56.561,1.53343,1.53369,1.25,1.15
2014.12.22 12:28:57.839,1.53343,1.53369,1.19,1.15
2014.12.22 12:28:58.982,1.53343,1.53369,1.00,1.15
2014.12.22 12:29:00.187,1.53344,1.53369,1.00,1.15
2014.12.22 12:29:00.863,1.53343,1.53369,1.00,2.40
2014.12.22 12:29:01.280,1.53343,1.53365,1.00,1.00
2014.12.22 12:29:01.873,1.53343,1.53369,1.00,2.02
2014.12.22 12:29:02.184,1.53341,1.53364,1.40,1.00
2014.12.22 12:29:05.382,1.53341,1.53362,1.40,1.00
2014.12.22 12:29:05.584,1.53332,1.53358,1.84,1.57
2014.12.22 12:29:06.342,1.53332,1.53356,1.34,1.00
2014.12.22 12:29:06.847,1.53332,1.53357,1.19,1.15
2014.12.22 12:29:07.564,1.53332,1.53357,1.19,1.15
2014.12.22 12:29:10.680,1.53332,1.53357,1.25,1.15
2014.12.22 12:29:14.572,1.53336,1.53357,1.00,1.00
2014.12.22 12:29:14.724,1.53336,1.53362,1.84,1.57
2014.12.22 12:29:15.649,1.53338,1.53359,1.25,1.17
2014.12.22 12:29:15.700,1.53334,1.53359,1.25,2.40
2014.12.22 12:29:15.751,1.53333,1.53356,3.19,1.00
2014.12.22 12:29:15.853,1.53333,1.53356,1.29,1.00
2014.12.22 12:29:16.627,1.5333,1.53356,1.69,1.50
2014.12.22 12:29:16.880,1.53333,1.53359,1.00,1.84
2014.12.22 12:29:17.183,1.53336,1.53359,1.00,1.00
2014.12.22 12:29:18.448,1.53338,1.53359,1.00,1.00
2014.12.22 12:29:18.958,1.53338,1.53363,1.00,1.00
2014.12.22 12:29:19.471,1.53339,1.53363,1.00,1.00
2014.12.22 12:29:20.013,1.5334,1.53363,1.10,1.00
2014.12.22 12:29:20.216,1.53344,1.53363,1.00,1.00
2014.12.22 12:29:20.318,1.53345,1.53369,1.00,1.17
2014.12.22 12:29:20.845,1.53345,1.53369,1.00,1.00
2014.12.22 12:29:21.959,1.53346,1.53369,1.00,1.50
2014.12.22 12:29:22.746,1.53345,1.53369,1.50,1.00
2014.12.22 12:29:23.247,1.53345,1.5337,1.50,1.00
2014.12.22 12:29:24.619,1.53347,1.53372,1.00,1.01
2014.12.22 12:29:24.923,1.53354,1.53373,1.00,1.00
2014.12.22 12:29:25.378,1.53357,1.53375,1.00,1.00
2014.12.22 12:29:25.429,1.53357,1.53379,1.00,1.00
2014.12.22 12:29:25.631,1.53359,1.53379,1.00,1.50
2014.12.22 12:29:26.035,1.53362,1.53379,1.00,1.50
2014.12.22 12:29:26.389,1.53365,1.53379,1.00,1.00
2014.12.22 12:29:26.541,1.53365,1.53381,1.00,1.00
2014.12.22 12:29:26.592,1.53364,1.5338,1.00,1.37
2014.12.22 12:29:26.693,1.53362,1.53379,1.00,1.12
2014.12.22 12:29:27.210,1.53362,1.5338,1.00,1.52
2014.12.22 12:29:28.682,1.53362,1.53379,1.00,1.00
2014.12.22 12:29:29.362,1.53359,1.53379,1.00,1.50
2014.12.22 12:29:29.413,1.53359,1.53379,1.00,1.57
2014.12.22 12:29:29.464,1.53354,1.53379,1.00,1.65
2014.12.22 12:29:31.631,1.53356,1.53375,1.00,1.00
2014.12.22 12:29:31.884,1.5336,1.53374,1.00,1.00
2014.12.22 12:29:31.985,1.53355,1.53374,1.00,1.00
2014.12.22 12:29:32.087,1.53362,1.53374,1.00,1.00
2014.12.22 12:29:32.239,1.53362,1.53379,1.00,1.00
2014.12.22 12:29:32.340,1.53362,1.53374,1.00,1.00
2014.12.22 12:29:32.897,1.53361,1.53379,1.00,1.00
2014.12.22 12:29:32.998,1.53358,1.53379,1.00,1.27
2014.12.22 12:29:33.099,1.53357,1.53375,1.00,1.00
2014.12.22 12:29:33.643,1.53357,1.53374,1.00,1.00
2014.12.22 12:29:34.433,1.53356,1.53374,1.00,1.00
2014.12.22 12:29:35.299,1.53356,1.53375,1.00,1.00
2014.12.22 12:29:35.804,1.53356,1.53375,1.00,1.17
2014.12.22 12:29:36.411,1.53358,1.53375,1.00,1.17
2014.12.22 12:29:37.069,1.5336,1.53375,1.00,1.00
2014.12.22 12:29:37.171,1.53362,1.53379,1.00,1.00
2014.12.22 12:29:37.695,1.53359,1.53374,1.00,1.00
2014.12.22 12:29:37.847,1.53357,1.53374,1.00,1.10
2014.12.22 12:29:38.352,1.53356,1.53375,1.00,1.20
2014.12.22 12:29:38.812,1.53359,1.53375,1.00,1.00
2014.12.22 12:29:39.464,1.53359,1.53374,1.00,1.00
2014.12.22 12:29:40.177,1.53358,1.53375,1.00,1.00
2014.12.22 12:29:40.671,1.53355,1.53374,1.00,1.00
2014.12.22 12:29:41.503,1.53355,1.53374,1.00,1.37
2014.12.22 12:29:41.656,1.53352,1.5337,1.00,1.00
2014.12.22 12:29:41.910,1.53353,1.53374,1.00,1.12
2014.12.22 12:29:42.880,1.53353,1.53369,1.00,1.00
2014.12.22 12:29:47.701,1.53353,1.5337,1.00,1.00
2014.12.22 12:29:48.022,1.53351,1.5337,1.00,1.95
2014.12.22 12:29:48.073,1.53347,1.53369,1.00,1.00
2014.12.22 12:29:48.226,1.53351,1.5337,1.00,1.00
2014.12.22 12:29:48.529,1.53359,1.53374,1.00,1.00
2014.12.22 12:29:48.731,1.53356,1.53374,1.00,1.00
2014.12.22 12:29:50.050,1.53357,1.53379,1.00,2.06
2014.12.22 12:29:50.101,1.53357,1.53379,1.50,1.50
2014.12.22 12:29:50.152,1.53361,1.5338,1.00,1.00
2014.12.22 12:29:50.458,1.53363,1.53374,1.00,1.00
2014.12.22 12:29:50.779,1.53363,1.5338,1.00,1.00
2014.12.22 12:29:50.830,1.53361,1.5338,1.00,1.00
2014.12.22 12:29:51.032,1.53359,1.5338,1.00,1.00
2014.12.22 12:29:51.329,1.53359,1.53374,1.00,1.00
2014.12.22 12:29:51.834,1.53358,1.53374,1.00,1.00
2014.12.22 12:29:53.863,1.53358,1.53375,1.00,1.00
2014.12.22 12:29:54.439,1.53358,1.53374,1.00,1.00
2014.12.22 12:29:54.953,1.53358,1.53375,1.00,1.00
2014.12.22 12:29:57.174,1.53358,1.53379,1.00,1.12
2014.12.22 12:29:57.720,1.53358,1.5338,1.00,1.12
2014.12.22 12:30:00.194,1.53358,1.5338,1.00,1.37
2014.12.22 12:30:00.702,1.53358,1.53379,1.00,1.37
2014.12.22 12:30:01.415,1.53358,1.53379,1.00,1.37
2014.12.22 12:30:02.347,1.53356,1.53374,1.00,1.00
2014.12.22 12:30:02.866,1.53356,1.53375,1.00,1.00
2014.12.22 12:30:03.346,1.53354,1.53375,1.00,1.00
2014.12.22 12:30:03.549,1.53352,1.53374,1.00,1.10
2014.12.22 12:30:03.600,1.53351,1.53371,1.00,1.37
2014.12.22 12:30:03.701,1.53343,1.53364,1.50,1.37
2014.12.22 12:30:03.803,1.53337,1.5336,1.50,1.37
2014.12.22 12:30:03.904,1.53342,1.53361,1.00,1.00
2014.12.22 12:30:04.208,1.53339,1.53358,1.00,1.00
2014.12.22 12:30:04.719,1.53339,1.53359,1.00,1.10
2014.12.22 12:30:06.210,1.53337,1.53359,1.00,1.57
2014.12.22 12:30:06.755,1.53338,1.53359,1.00,1.57
2014.12.22 12:30:07.539,1.5334,1.53362,1.00,1.07
2014.12.22 12:30:07.590,1.5334,1.53362,1.00,1.00
2014.12.22 12:30:07.641,1.53344,1.53362,1.37,1.00
2014.12.22 12:30:07.691,1.53344,1.53365,1.45,1.00
2014.12.22 12:30:07.742,1.53356,1.53365,1.00,1.00
2014.12.22 12:30:07.793,1.53356,1.5337,1.00,1.00
2014.12.22 12:30:07.945,1.53352,1.53369,1.00,1.12
2014.12.22 12:30:08.096,1.53349,1.53369,1.00,1.12
2014.12.22 12:30:08.198,1.53347,1.53369,1.00,1.87
2014.12.22 12:30:08.400,1.53347,1.53364,1.00,1.00
2014.12.22 12:30:08.753,1.53343,1.53365,1.19,1.37
2014.12.22 12:30:08.905,1.53337,1.53359,1.20,1.00
2014.12.22 12:30:09.006,1.53333,1.53359,1.07,1.00
2014.12.22 12:30:09.058,1.53333,1.53353,1.07,1.00
2014.12.22 12:30:09.615,1.53335,1.53357,1.10,1.00
2014.12.22 12:30:09.666,1.53335,1.53357,1.65,1.00
2014.12.22 12:30:09.970,1.5334,1.5336,1.00,1.00
2014.12.22 12:30:11.066,1.5334,1.53359,1.10,1.00
2014.12.22 12:30:11.167,1.53341,1.53363,1.00,1.00
2014.12.22 12:30:11.270,1.53341,1.5336,1.00,1.00
2014.12.22 12:30:11.322,1.53339,1.5336,1.00,1.00
2014.12.22 12:30:11.373,1.53339,1.53358,1.00,1.00
2014.12.22 12:30:11.424,1.53335,1.53358,1.84,1.00
2014.12.22 12:30:11.575,1.53335,1.5336,1.39,1.00
2014.12.22 12:30:11.677,1.53339,1.5336,1.00,1.00
2014.12.22 12:30:13.145,1.53334,1.5336,1.84,1.00
2014.12.22 12:30:13.246,1.53334,1.53358,1.34,1.00
2014.12.22 12:30:13.448,1.53334,1.53357,1.00,1.00
2014.12.22 12:30:13.499,1.53332,1.53357,1.00,1.07
2014.12.22 12:30:13.803,1.53325,1.53349,1.69,1.00
2014.12.22 12:30:13.854,1.53328,1.53349,1.00,1.00
2014.12.22 12:30:13.956,1.53324,1.53348,1.00,2.17
2014.12.22 12:30:14.259,1.53315,1.53337,1.25,1.00
2014.12.22 12:30:14.462,1.53311,1.53334,1.69,1.00
2014.12.22 12:30:15.092,1.53316,1.53334,1.00,1.00
2014.12.22 12:30:15.329,1.5331,1.53334,1.29,1.50
2014.12.22 12:30:16.012,1.53315,1.53334,1.00,1.50
2014.12.22 12:30:19.386,1.53311,1.53332,1.00,1.00
2014.12.22 12:30:19.437,1.53311,1.5333,1.00,1.00
2014.12.22 12:30:19.640,1.53306,1.5333,1.01,1.50
2014.12.22 12:30:19.741,1.53302,1.53322,3.19,1.00
2014.12.22 12:30:20.044,1.53301,1.53314,1.26,1.00
2014.12.22 12:30:20.684,1.53301,1.53314,1.00,1.00
2014.12.22 12:30:21.199,1.533,1.53314,1.00,1.00
2014.12.22 12:30:23.010,1.533,1.53316,1.00,1.00
2014.12.22 12:30:23.450,1.533,1.53313,1.00,1.00
2014.12.22 12:30:23.501,1.53295,1.53313,1.36,1.00
2014.12.22 12:30:24.013,1.53295,1.53313,1.36,1.00
2014.12.22 12:30:25.435,1.53296,1.53315,1.32,1.00
2014.12.22 12:30:25.587,1.53296,1.53318,1.32,1.00
2014.12.22 12:30:26.563,1.53295,1.53318,1.84,1.00
2014.12.22 12:30:27.557,1.53297,1.53318,2.74,1.00
2014.12.22 12:30:27.691,1.533,1.5332,1.46,1.00
2014.12.22 12:30:27.743,1.533,1.53318,1.09,1.00
2014.12.22 12:30:30.964,1.53301,1.53318,1.47,1.00
2014.12.22 12:30:31.466,1.53297,1.53318,2.81,1.00
2014.12.22 12:30:32.029,1.53297,1.53319,2.81,1.00
2014.12.22 12:30:32.618,1.53297,1.53318,2.81,1.00
2014.12.22 12:30:32.821,1.53296,1.53315,1.00,1.00
2014.12.22 12:30:32.923,1.53296,1.53311,1.00,1.00
2014.12.22 12:30:33.176,1.53295,1.53314,1.62,1.00
2014.12.22 12:30:33.751,1.53295,1.53314,1.62,1.00
2014.12.22 12:30:34.278,1.53295,1.53314,1.56,1.00
2014.12.22 12:30:34.786,1.53291,1.53311,1.36,1.00
2014.12.22 12:30:35.040,1.53296,1.53315,1.36,1.00
2014.12.22 12:30:35.142,1.53293,1.53317,2.44,1.00
2014.12.22 12:30:35.903,1.53296,1.53318,1.36,1.00
2014.12.22 12:30:36.105,1.533,1.53321,1.00,1.00
2014.12.22 12:30:36.207,1.533,1.53321,1.26,1.00
2014.12.22 12:30:36.257,1.533,1.53323,1.26,1.00
2014.12.22 12:30:36.460,1.53297,1.53319,5.29,1.00
2014.12.22 12:30:36.561,1.53296,1.53322,1.64,1.00
2014.12.22 12:30:36.713,1.53295,1.53322,1.84,1.00
2014.12.22 12:30:37.016,1.53301,1.53325,1.19,1.00
2014.12.22 12:30:37.117,1.53301,1.53327,1.19,1.10
2014.12.22 12:30:38.469,1.53302,1.53327,2.36,1.00
2014.12.22 12:30:39.392,1.53302,1.53327,3.79,1.00
2014.12.22 12:30:40.012,1.53309,1.53327,1.61,1.00
2014.12.22 12:30:40.063,1.53309,1.53329,1.61,1.00
2014.12.22 12:30:40.113,1.53308,1.53329,1.01,1.00
2014.12.22 12:30:40.164,1.53307,1.53329,1.69,1.00
2014.12.22 12:30:40.547,1.53311,1.53329,1.00,1.00
2014.12.22 12:30:41.090,1.5331,1.53329,1.25,1.00
2014.12.22 12:30:41.601,1.5331,1.5333,1.19,1.00
2014.12.22 12:30:42.132,1.5331,1.53329,1.19,1.00
2014.12.22 12:30:43.704,1.5331,1.53329,1.26,1.00
2014.12.22 12:30:43.806,1.5331,1.53331,1.34,1.00
2014.12.22 12:30:48.013,1.53311,1.53332,1.40,1.00
2014.12.22 12:30:48.219,1.53311,1.53334,1.77,1.00
2014.12.22 12:30:49.193,1.53313,1.53337,1.01,1.50
2014.12.22 12:30:49.294,1.53317,1.53337,1.00,1.00
2014.12.22 12:30:49.345,1.53319,1.53337,1.49,1.00
2014.12.22 12:30:49.446,1.53319,1.5334,1.64,1.00
2014.12.22 12:30:50.102,1.53317,1.53339,3.19,1.00
2014.12.22 12:30:50.721,1.53317,1.53339,1.36,1.00
2014.12.22 12:30:51.177,1.53326,1.53339,1.00,1.00
2014.12.22 12:30:51.329,1.53321,1.53339,1.46,1.00
2014.12.22 12:30:51.639,1.53326,1.53339,1.00,1.00
2014.12.22 12:30:52.058,1.53317,1.53339,1.36,1.00
2014.12.22 12:30:52.160,1.53317,1.53336,1.36,1.00
2014.12.22 12:30:52.261,1.53317,1.53336,1.46,1.00
2014.12.22 12:30:52.312,1.53317,1.53336,1.25,1.00
2014.12.22 12:30:52.835,1.53316,1.53335,1.19,1.00
2014.12.22 12:30:54.021,1.53316,1.53335,1.00,1.00
2014.12.22 12:30:54.273,1.53311,1.53335,1.66,1.00
2014.12.22 12:30:54.470,1.53316,1.53335,1.00,1.00
2014.12.22 12:30:55.248,1.53315,1.53335,1.00,1.00
2014.12.22 12:30:55.705,1.5332,1.53335,1.00,1.00
2014.12.22 12:30:55.789,1.5331,1.53335,2.44,1.00
2014.12.22 12:30:56.042,1.53316,1.53335,1.00,1.00
2014.12.22 12:30:56.244,1.53311,1.53335,1.66,1.00
2014.12.22 12:30:56.346,1.53316,1.53335,1.00,1.00
2014.12.22 12:30:56.568,1.53311,1.53335,1.66,1.00
2014.12.22 12:30:56.890,1.53316,1.53335,1.00,1.00
2014.12.22 12:30:58.122,1.53321,1.53335,1.00,1.00
2014.12.22 12:30:58.319,1.53316,1.53335,1.00,1.00
2014.12.22 12:30:58.699,1.5332,1.53335,1.00,1.00
2014.12.22 12:30:59.234,1.53321,1.53335,1.00,1.00
2014.12.22 12:31:00.959,1.53321,1.53337,1.00,1.00
2014.12.22 12:31:05.378,1.5332,1.53337,1.00,1.00
2014.12.22 12:31:05.734,1.53316,1.53337,1.00,1.00
2014.12.22 12:31:06.350,1.5332,1.53337,1.00,1.00
2014.12.22 12:31:06.889,1.53321,1.53337,1.00,1.00
2014.12.22 12:31:07.040,1.53316,1.53337,1.00,1.00
2014.12.22 12:31:07.977,1.53315,1.53337,1.25,1.00
2014.12.22 12:31:08.971,1.53312,1.53337,1.71,1.00
2014.12.22 12:31:09.980,1.53312,1.53337,1.71,1.00
2014.12.22 12:31:10.342,1.53312,1.53337,1.71,1.00
2014.12.22 12:31:12.450,1.53312,1.53337,1.56,1.00
2014.12.22 12:31:12.569,1.53315,1.53337,1.00,1.00
2014.12.22 12:31:14.243,1.53312,1.53337,1.62,1.00
2014.12.22 12:31:14.748,1.53312,1.53337,1.62,1.00
2014.12.22 12:31:15.267,1.53312,1.53336,1.31,1.00
2014.12.22 12:31:15.908,1.53311,1.53336,1.39,1.50
2014.12.22 12:31:16.538,1.53316,1.53336,1.00,1.50
2014.12.22 12:31:17.624,1.53319,1.53336,1.00,1.00
2014.12.22 12:31:21.140,1.53322,1.5334,1.00,1.00
2014.12.22 12:31:21.241,1.53319,1.53334,1.17,1.00
2014.12.22 12:31:21.342,1.53316,1.53337,3.00,1.00
2014.12.22 12:31:22.762,1.53316,1.53337,1.19,1.00
2014.12.22 12:31:22.813,1.53314,1.53337,1.10,1.00
2014.12.22 12:31:23.337,1.5331,1.53336,4.31,1.50
2014.12.22 12:31:27.844,1.53313,1.53337,1.36,1.00
2014.12.22 12:31:28.808,1.53313,1.53335,1.36,1.00
2014.12.22 12:31:29.314,1.53314,1.53334,1.25,1.00
2014.12.22 12:31:29.897,1.53314,1.53334,1.19,1.00
2014.12.22 12:31:30.201,1.5331,1.53335,1.00,3.00
2014.12.22 12:31:30.302,1.5331,1.53335,1.50,1.20
2014.12.22 12:31:30.353,1.5331,1.53333,1.00,1.00
2014.12.22 12:31:30.757,1.5331,1.53332,1.00,1.07
2014.12.22 12:31:30.858,1.53303,1.53328,1.10,1.00
2014.12.22 12:31:31.535,1.53302,1.53324,1.84,1.00
2014.12.22 12:31:31.636,1.53302,1.53328,1.84,1.50
2014.12.22 12:31:32.181,1.53302,1.53328,1.84,1.87
2014.12.22 12:31:32.699,1.53302,1.53328,1.84,1.50
2014.12.22 12:31:33.204,1.53302,1.53328,1.84,1.50
2014.12.22 12:31:33.783,1.53302,1.53328,6.37,1.50
2014.12.22 12:31:33.884,1.53304,1.5333,1.34,1.00
2014.12.22 12:31:34.390,1.53304,1.53331,1.34,1.00
2014.12.22 12:31:34.934,1.53304,1.53331,1.34,1.00
2014.12.22 12:31:35.611,1.53304,1.53331,1.34,1.00
2014.12.22 12:31:36.838,1.53304,1.53331,2.44,1.00
2014.12.22 12:31:36.889,1.5331,1.53331,1.17,1.00
2014.12.22 12:31:36.939,1.5331,1.53333,1.17,1.00
2014.12.22 12:31:36.990,1.5331,1.53333,1.55,1.00
2014.12.22 12:31:37.344,1.53316,1.53333,1.12,1.00
2014.12.22 12:31:37.446,1.53317,1.53337,1.75,1.00
2014.12.22 12:31:37.497,1.53317,1.53339,1.75,1.50
2014.12.22 12:31:37.648,1.53319,1.53339,1.12,1.50
2014.12.22 12:31:37.800,1.5332,1.53339,1.20,1.00
2014.12.22 12:31:38.103,1.5332,1.53342,1.20,1.00
2014.12.22 12:31:38.204,1.53322,1.53343,1.20,1.00
2014.12.22 12:31:38.515,1.53322,1.53344,1.50,1.50
2014.12.22 12:31:38.847,1.53322,1.53339,1.50,1.00
2014.12.22 12:31:39.209,1.53322,1.53344,1.69,1.87
2014.12.22 12:31:39.260,1.53322,1.5334,1.50,1.00
2014.12.22 12:31:39.362,1.53318,1.5334,1.75,1.00
2014.12.22 12:31:39.464,1.53318,1.53338,1.75,1.00
2014.12.22 12:31:39.565,1.53317,1.53338,1.20,1.00
2014.12.22 12:31:40.079,1.53317,1.53337,1.20,1.00
2014.12.22 12:31:40.619,1.53317,1.53338,1.12,1.00
2014.12.22 12:31:41.153,1.53317,1.53339,1.12,1.00
2014.12.22 12:31:41.561,1.53314,1.53339,1.39,1.00
2014.12.22 12:31:42.131,1.53314,1.5334,1.39,1.50
2014.12.22 12:31:42.283,1.53316,1.5334,1.12,1.50
2014.12.22 12:31:42.791,1.53317,1.53339,1.12,1.00
2014.12.22 12:31:43.444,1.53317,1.5334,1.12,1.50
2014.12.22 12:31:43.985,1.53317,1.53339,1.12,1.00
2014.12.22 12:31:44.188,1.53317,1.53341,1.12,1.00
2014.12.22 12:31:44.339,1.53321,1.53344,1.00,1.00
2014.12.22 12:31:44.391,1.53321,1.53346,1.00,1.50
2014.12.22 12:31:44.493,1.53322,1.53346,1.12,1.50
