2007.04.17 15:00:00.466,2.4255,2.4259,3.00,2.40
2007.04.17 15:00:01.186,2.4255,2.4259,0.80,4.00
2007.04.17 15:00:01.441,2.4255,2.4259,4.50,4.00
2007.04.17 15:00:01.710,2.4255,2.4259,1.90,4.00
2007.04.17 15:00:02.322,2.4255,2.4259,1.80,1.60
2007.04.17 15:00:02.934,2.4255,2.4257,0.80,1.60
2007.04.17 15:00:03.282,2.4254,2.4257,3.40,1.60
2007.04.17 15:00:03.521,2.4253,2.4258,11.60,7.90
2007.04.17 15:00:04.083,2.4254,2.4258,10.80,0.80
2007.04.17 15:00:05.106,2.42565,2.4258,0.50,2.40
2007.04.17 15:00:05.877,2.4256,2.4258,4.50,0.80
2007.04.17 15:00:06.147,2.4254,2.4258,7.00,0.80
2007.04.17 15:00:06.459,2.4254,2.4258,7.00,1.60
2007.04.17 15:00:07.886,2.4256,2.4257,1.10,1.60
2007.04.17 15:00:08.124,2.4254,2.4257,7.00,2.40
2007.04.17 15:00:08.328,2.4253,2.4257,14.80,2.40
2007.04.17 15:00:08.720,2.4253,2.4257,8.50,0.80
2007.04.17 15:00:09.159,2.4252,2.4256,7.20,2.40
2007.04.17 15:00:10.987,2.4254,2.4256,12.70,2.40
2007.04.17 15:00:11.541,2.4254,2.4256,15.10,2.40
2007.04.17 15:00:11.910,2.4255,2.4256,2.80,2.40
2007.04.17 15:00:12.877,2.4255,2.4256,6.20,3.20
2007.04.17 15:00:13.371,2.4254,2.4256,7.00,3.20
2007.04.17 15:00:13.711,2.4254,2.4256,7.00,0.80
2007.04.17 15:00:15.055,2.4254,2.4256,7.00,0.80
2007.04.17 15:00:16.532,2.4256,2.4257,0.80,2.00
2007.04.17 15:00:16.988,2.4254,2.42555,7.00,2.40
2007.04.17 15:00:17.217,2.4254,2.4255,7.00,0.80
2007.04.17 15:00:18.794,2.4251,2.4256,17.20,0.80
2007.04.17 15:00:19.086,2.4256,2.42565,3.00,2.40
2007.04.17 15:00:19.519,2.4255,2.42565,7.80,2.40
2007.04.17 15:00:19.736,2.4255,2.42565,5.60,2.40
2007.04.17 15:00:20.283,2.4256,2.4257,0.50,0.80
2007.04.17 15:00:20.613,2.4255,2.4257,8.80,0.80
2007.04.17 15:00:20.871,2.4256,2.4257,0.80,0.80
2007.04.17 15:00:21.109,2.4255,2.4258,5.60,0.80
2007.04.17 15:00:22.022,2.4254,2.42585,7.80,2.40
2007.04.17 15:00:22.350,2.4256,2.4258,0.80,2.40
2007.04.17 15:00:22.672,2.4253,2.4258,18.50,3.20
2007.04.17 15:00:22.961,2.4254,2.4258,13.40,3.20
2007.04.17 15:00:23.214,2.4255,2.4257,1.90,4.00
2007.04.17 15:00:23.421,2.4255,2.4257,7.10,4.00
2007.04.17 15:00:23.625,2.4254,2.4258,14.20,3.20
2007.04.17 15:00:24.143,2.4256,2.4258,0.90,2.40
2007.04.17 15:00:24.659,2.4254,2.4258,9.40,3.20
2007.04.17 15:00:25.064,2.4254,2.4256,1.20,0.80
2007.04.17 15:00:25.661,2.4254,2.4258,14.00,3.20
2007.04.17 15:00:25.930,2.4255,2.4258,7.10,2.40
2007.04.17 15:00:26.132,2.4254,2.4258,8.60,2.40
2007.04.17 15:00:26.912,2.4255,2.4258,9.30,3.20
2007.04.17 15:00:27.688,2.4255,2.4258,9.30,2.40
2007.04.17 15:00:27.967,2.4255,2.42585,9.30,2.40
2007.04.17 15:00:28.776,2.4256,2.42585,0.60,2.40
2007.04.17 15:00:30.218,2.4256,2.4258,1.60,2.40
2007.04.17 15:00:32.627,2.4256,2.42575,1.60,2.40
2007.04.17 15:00:32.889,2.4254,2.4257,0.80,3.20
2007.04.17 15:00:33.095,2.4254,2.4257,0.80,7.20
2007.04.17 15:00:34.111,2.4254,2.42565,0.80,2.40
2007.04.17 15:00:34.436,2.4252,2.4256,1.60,2.40
2007.04.17 15:00:34.696,2.4252,2.4255,0.80,2.40
2007.04.17 15:00:35.163,2.4252,2.4255,7.00,2.40
2007.04.17 15:00:35.656,2.4252,2.4255,4.80,2.40
2007.04.17 15:00:35.866,2.4252,2.42545,0.80,2.40
2007.04.17 15:00:36.461,2.4253,2.42545,2.40,2.40
2007.04.17 15:00:37.090,2.4253,2.4255,2.40,0.80
2007.04.17 15:00:39.488,2.4252,2.4255,6.20,0.80
2007.04.17 15:00:39.992,2.4251,2.4255,8.60,3.20
2007.04.17 15:00:40.825,2.4251,2.4255,6.40,3.20
2007.04.17 15:00:43.205,2.4251,2.4255,7.20,2.40
2007.04.17 15:00:44.038,2.4251,2.4255,4.00,6.40
2007.04.17 15:00:44.241,2.425,2.42535,7.20,2.40
2007.04.17 15:00:44.761,2.425,2.4253,7.20,2.40
2007.04.17 15:00:46.416,2.425,2.4253,4.80,2.40
2007.04.17 15:00:47.197,2.425,2.4253,0.80,2.40
2007.04.17 15:00:47.418,2.4251,2.4253,0.80,2.40
2007.04.17 15:00:48.557,2.4251,2.42525,0.80,2.40
2007.04.17 15:00:50.205,2.425,2.42525,3.20,2.40
2007.04.17 15:00:50.556,2.4251,2.42525,0.80,2.40
2007.04.17 15:00:50.999,2.4251,2.42535,0.80,2.40
2007.04.17 15:00:51.133,2.4251,2.4255,0.80,11.10
2007.04.17 15:00:51.696,2.4251,2.4255,0.80,11.10
2007.04.17 15:00:52.020,2.4251,2.4254,3.20,0.60
2007.04.17 15:00:53.122,2.4251,2.4256,3.20,6.40
2007.04.17 15:00:54.326,2.4251,2.4255,2.40,2.80
2007.04.17 15:00:55.548,2.4251,2.4254,2.40,3.20
2007.04.17 15:00:57.691,2.425,2.42535,4.60,0.90
2007.04.17 15:00:59.569,2.425,2.4254,4.60,3.20
2007.04.17 15:00:59.921,2.425,2.4254,2.20,6.40
2007.04.17 15:01:00.441,2.425,2.4254,4.60,3.20
2007.04.17 15:01:01.703,2.425,2.4254,6.40,3.20
2007.04.17 15:01:01.988,2.425,2.4254,4.00,8.00
2007.04.17 15:01:02.285,2.425,2.4254,6.20,6.40
2007.04.17 15:01:02.589,2.4251,2.4254,4.00,8.00
2007.04.17 15:01:04.419,2.4251,2.4254,4.00,12.60
2007.04.17 15:01:04.718,2.425,2.4253,2.40,0.90
2007.04.17 15:01:05.490,2.4251,2.42525,4.00,0.50
2007.04.17 15:01:07.858,2.4251,2.4253,4.00,0.60
2007.04.17 15:01:08.149,2.4249,2.4253,8.60,0.60
2007.04.17 15:01:08.819,2.4249,2.4254,8.60,8.40
2007.04.17 15:01:12.331,2.425,2.4253,4.00,0.50
2007.04.17 15:01:15.729,2.425,2.4253,4.00,0.90
2007.04.17 15:01:15.964,2.4249,2.4254,4.00,16.20
2007.04.17 15:01:16.771,2.4249,2.4253,4.00,11.90
2007.04.17 15:01:17.481,2.425,2.4253,2.40,3.20
2007.04.17 15:01:17.773,2.4249,2.4252,8.00,0.60
2007.04.17 15:01:17.996,2.4249,2.4252,6.40,0.60
2007.04.17 15:01:18.350,2.4249,2.4254,7.20,7.20
2007.04.17 15:01:18.791,2.4249,2.4253,4.80,0.90
2007.04.17 15:01:19.056,2.4249,2.4254,0.80,17.50
2007.04.17 15:01:20.085,2.4249,2.4253,0.80,6.40
2007.04.17 15:01:20.948,2.4248,2.42525,7.20,2.40
2007.04.17 15:01:21.456,2.4248,2.42525,8.80,2.40
2007.04.17 15:01:21.933,2.4248,2.42525,7.20,2.40
2007.04.17 15:01:22.158,2.4248,2.42525,11.00,2.40
2007.04.17 15:01:22.470,2.425,2.42525,2.40,2.40
2007.04.17 15:01:22.747,2.425,2.4253,4.00,4.00
2007.04.17 15:01:23.071,2.4248,2.4253,20.30,4.00
2007.04.17 15:01:24.318,2.4249,2.42535,2.40,2.40
2007.04.17 15:01:24.592,2.425,2.42535,4.00,2.40
2007.04.17 15:01:24.933,2.425,2.42535,11.90,2.40
2007.04.17 15:01:25.174,2.425,2.42525,9.50,2.40
2007.04.17 15:01:25.386,2.4249,2.42525,11.70,2.40
2007.04.17 15:01:25.624,2.4249,2.42525,9.50,2.40
2007.04.17 15:01:25.989,2.4248,2.4253,14.70,4.00
2007.04.17 15:01:26.462,2.4248,2.4251,14.70,4.00
2007.04.17 15:01:26.689,2.4248,2.4251,6.80,4.00
2007.04.17 15:01:26.988,2.4248,2.4253,9.20,4.00
2007.04.17 15:01:27.357,2.4248,2.4253,18.70,4.00
2007.04.17 15:01:27.714,2.4249,2.4253,2.20,4.00
2007.04.17 15:01:28.305,2.4249,2.42525,2.20,2.40
2007.04.17 15:01:28.739,2.425,2.42525,2.40,2.40
2007.04.17 15:01:28.939,2.4249,2.42525,2.20,2.40
2007.04.17 15:01:29.188,2.4248,2.42515,17.30,2.40
2007.04.17 15:01:30.942,2.425,2.4255,2.40,10.40
2007.04.17 15:01:32.825,2.425,2.42525,2.40,2.40
2007.04.17 15:01:33.459,2.425,2.42525,3.20,2.40
2007.04.17 15:01:34.161,2.425,2.42525,0.80,2.40
2007.04.17 15:01:34.431,2.425,2.4251,0.80,4.00
2007.04.17 15:01:34.941,2.425,2.42525,0.80,2.40
2007.04.17 15:01:35.203,2.425,2.4252,0.80,2.40
2007.04.17 15:01:35.853,2.425,2.42515,0.80,2.40
2007.04.17 15:01:37.186,2.425,2.4255,3.20,8.80
2007.04.17 15:01:38.121,2.425,2.4255,4.80,8.80
2007.04.17 15:01:38.341,2.425,2.42525,3.20,2.40
2007.04.17 15:01:41.253,2.425,2.4253,4.00,2.40
2007.04.17 15:01:41.503,2.425,2.4253,8.00,2.40
2007.04.17 15:01:41.795,2.4249,2.4253,0.80,6.40
2007.04.17 15:01:43.183,2.4249,2.42525,0.80,2.40
2007.04.17 15:01:43.508,2.4249,2.4253,0.80,6.40
2007.04.17 15:01:43.747,2.4248,2.4253,15.10,6.40
2007.04.17 15:01:45.235,2.4248,2.4252,15.10,2.40
2007.04.17 15:01:46.705,2.4248,2.4251,4.80,4.00
2007.04.17 15:01:48.233,2.4248,2.42515,7.20,2.40
2007.04.17 15:01:48.601,2.4248,2.42515,3.20,2.40
2007.04.17 15:01:48.826,2.4248,2.42515,7.20,2.40
2007.04.17 15:01:49.145,2.425,2.42515,2.40,2.40
2007.04.17 15:01:49.384,2.425,2.4254,2.40,2.40
2007.04.17 15:01:49.609,2.4249,2.4253,1.60,4.00
2007.04.17 15:01:49.830,2.42485,2.4253,3.70,4.00
2007.04.17 15:01:51.678,2.4249,2.4253,4.00,4.00
2007.04.17 15:01:52.711,2.4249,2.4252,4.00,4.00
2007.04.17 15:01:53.338,2.425,2.4252,0.80,4.00
2007.04.17 15:01:55.539,2.425,2.4252,4.50,4.00
2007.04.17 15:01:55.754,2.4249,2.4252,10.50,4.00
2007.04.17 15:01:56.316,2.4249,2.4254,10.50,0.80
2007.04.17 15:01:56.535,2.4251,2.4255,0.50,3.20
2007.04.17 15:01:57.152,2.4251,2.4255,6.10,0.80
2007.04.17 15:01:57.358,2.42515,2.4255,6.10,0.80
2007.04.17 15:01:57.827,2.42515,2.4256,6.10,0.80
2007.04.17 15:01:58.226,2.4251,2.4256,7.20,3.20
2007.04.17 15:01:58.906,2.42525,2.4255,2.20,0.80
2007.04.17 15:01:59.255,2.4253,2.4255,1.40,0.80
2007.04.17 15:01:59.771,2.4253,2.4256,0.50,4.80
2007.04.17 15:02:00.168,2.4253,2.4256,7.90,0.80
2007.04.17 15:02:01.600,2.4252,2.4256,4.50,0.80
2007.04.17 15:02:02.758,2.4255,2.4256,1.60,0.80
2007.04.17 15:02:03.269,2.4253,2.4256,6.40,0.80
2007.04.17 15:02:03.537,2.4254,2.4257,1.50,4.00
2007.04.17 15:02:03.950,2.4254,2.42565,0.70,2.40
2007.04.17 15:02:04.300,2.42525,2.4258,6.10,7.20
2007.04.17 15:02:04.639,2.4255,2.4258,0.80,7.20
2007.04.17 15:02:04.925,2.4253,2.4256,6.40,0.80
2007.04.17 15:02:05.790,2.4253,2.4256,6.40,0.80
2007.04.17 15:02:07.069,2.4251,2.4256,19.40,0.80
2007.04.17 15:02:07.710,2.4251,2.4255,19.40,0.80
2007.04.17 15:02:08.052,2.4252,2.4256,10.90,0.80
2007.04.17 15:02:08.777,2.4253,2.4257,1.50,2.40
2007.04.17 15:02:10.112,2.4251,2.42575,22.60,2.40
2007.04.17 15:02:10.426,2.4253,2.42575,4.00,2.40
2007.04.17 15:02:10.735,2.4253,2.4258,7.70,4.00
2007.04.17 15:02:12.639,2.42535,2.4258,6.90,4.80
2007.04.17 15:02:12.867,2.42545,2.4258,6.90,0.80
2007.04.17 15:02:13.273,2.4254,2.4258,6.10,0.80
2007.04.17 15:02:13.588,2.4254,2.4258,6.10,4.80
2007.04.17 15:02:14.084,2.4255,2.4258,6.10,4.80
2007.04.17 15:02:14.397,2.42555,2.4258,0.70,0.80
2007.04.17 15:02:14.687,2.4255,2.426,6.10,4.00
2007.04.17 15:02:15.120,2.4253,2.426,18.60,4.00
2007.04.17 15:02:16.221,2.4254,2.426,13.90,6.20
2007.04.17 15:02:16.449,2.4253,2.426,16.40,7.00
2007.04.17 15:02:17.770,2.4257,2.426,1.40,7.00
2007.04.17 15:02:18.011,2.4255,2.426,6.10,3.00
2007.04.17 15:02:21.313,2.42565,2.426,6.10,0.80
2007.04.17 15:02:22.324,2.42565,2.426,6.10,3.00
2007.04.17 15:02:23.147,2.4257,2.426,2.40,0.80
2007.04.17 15:02:24.802,2.4257,2.426,7.70,0.80
2007.04.17 15:02:25.893,2.4259,2.4261,2.40,3.00
2007.04.17 15:02:26.580,2.42585,2.4261,3.70,0.80
2007.04.17 15:02:27.150,2.42585,2.4261,3.70,4.80
2007.04.17 15:02:28.163,2.42575,2.4261,3.70,4.00
2007.04.17 15:02:28.846,2.4257,2.4261,6.10,4.00
2007.04.17 15:02:30.629,2.42575,2.4261,3.70,4.00
2007.04.17 15:02:31.902,2.4257,2.4261,6.10,4.80
2007.04.17 15:02:33.143,2.4257,2.4261,2.40,4.80
2007.04.17 15:02:33.408,2.4257,2.4261,1.60,5.60
2007.04.17 15:02:34.173,2.4257,2.42605,1.60,2.40
2007.04.17 15:02:34.765,2.4257,2.4261,1.60,8.00
2007.04.17 15:02:35.313,2.4257,2.4261,1.60,5.60
2007.04.17 15:02:36.859,2.4256,2.4259,3.70,0.80
2007.04.17 15:02:37.899,2.4256,2.4259,3.70,1.60
2007.04.17 15:02:39.582,2.4255,2.4259,1.60,1.60
2007.04.17 15:02:40.514,2.4255,2.4259,2.40,0.80
2007.04.17 15:02:41.235,2.4255,2.4259,1.60,0.80
2007.04.17 15:02:41.947,2.4255,2.4259,1.60,4.80
2007.04.17 15:02:42.804,2.42545,2.4257,3.70,0.80
2007.04.17 15:02:43.029,2.4254,2.4257,7.70,0.80
2007.04.17 15:02:43.521,2.4254,2.4257,3.70,0.80
2007.04.17 15:02:45.158,2.4253,2.4257,6.10,0.80
2007.04.17 15:02:46.896,2.4254,2.4257,0.80,0.80
2007.04.17 15:02:47.404,2.4255,2.4257,0.80,0.80
2007.04.17 15:02:47.907,2.42535,2.4257,3.70,1.60
2007.04.17 15:02:49.761,2.4253,2.4257,1.60,1.60
2007.04.17 15:02:54.262,2.4253,2.4257,1.60,3.20
2007.04.17 15:02:54.831,2.4253,2.4256,2.20,0.80
2007.04.17 15:02:55.037,2.4253,2.4256,2.20,4.80
2007.04.17 15:02:55.292,2.42525,2.4256,3.70,4.80
2007.04.17 15:02:55.799,2.4254,2.4256,1.60,4.00
2007.04.17 15:02:56.105,2.4254,2.42565,1.60,2.40
2007.04.17 15:02:56.575,2.4254,2.42565,5.60,2.40
2007.04.17 15:02:56.880,2.4256,2.4257,5.60,0.80
2007.04.17 15:02:57.208,2.4256,2.4257,0.70,0.80
2007.04.17 15:02:57.363,2.4254,2.4257,2.40,1.60
2007.04.17 15:02:57.629,2.4253,2.4257,5.30,1.60
2007.04.17 15:02:57.848,2.4252,2.4255,18.00,0.80
2007.04.17 15:02:58.475,2.4252,2.4256,19.60,0.80
2007.04.17 15:02:59.879,2.42515,2.4256,17.80,0.80
2007.04.17 15:03:03.529,2.4252,2.4255,2.20,0.80
2007.04.17 15:03:03.875,2.42515,2.4256,13.80,4.80
2007.04.17 15:03:04.177,2.4252,2.4256,2.30,4.80
2007.04.17 15:03:05.003,2.4251,2.4256,22.10,4.80
2007.04.17 15:03:05.221,2.42525,2.4256,0.70,4.80
2007.04.17 15:03:09.182,2.4251,2.4256,22.10,4.80
2007.04.17 15:03:10.578,2.42525,2.4256,1.60,4.80
2007.04.17 15:03:12.382,2.42525,2.4256,1.40,5.60
2007.04.17 15:03:13.014,2.42525,2.4255,1.60,0.80
2007.04.17 15:03:13.527,2.42525,2.4256,2.20,5.60
2007.04.17 15:03:17.420,2.42525,2.4256,1.50,4.80
2007.04.17 15:03:19.518,2.4253,2.4256,7.70,4.80
2007.04.17 15:03:21.165,2.42535,2.4256,1.40,0.80
2007.04.17 15:03:21.469,2.4252,2.4258,25.80,5.60
2007.04.17 15:03:21.888,2.4253,2.4257,9.30,0.80
2007.04.17 15:03:22.994,2.4252,2.4258,25.80,5.60
2007.04.17 15:03:23.302,2.4254,2.4258,9.30,1.60
2007.04.17 15:03:23.685,2.4255,2.4258,2.80,1.60
2007.04.17 15:03:24.444,2.4255,2.4257,7.70,0.80
2007.04.17 15:03:25.637,2.42545,2.4257,3.70,0.80
2007.04.17 15:03:26.875,2.42545,2.4258,3.70,1.60
2007.04.17 15:03:31.424,2.42545,2.4256,3.70,0.80
2007.04.17 15:03:32.559,2.42535,2.4256,3.70,0.80
2007.04.17 15:03:32.933,2.4253,2.4256,7.70,0.80
2007.04.17 15:03:34.428,2.4253,2.4256,4.00,0.80
2007.04.17 15:03:34.710,2.4252,2.4256,14.80,0.80
2007.04.17 15:03:35.932,2.4254,2.4257,1.60,4.80
2007.04.17 15:03:38.078,2.4254,2.4257,1.60,0.80
2007.04.17 15:03:38.407,2.4254,2.4257,5.30,0.80
2007.04.17 15:03:41.520,2.4254,2.4257,9.30,0.80
2007.04.17 15:03:41.781,2.4254,2.4257,9.30,4.80
2007.04.17 15:03:42.485,2.4255,2.4257,1.60,4.80
2007.04.17 15:03:42.911,2.4256,2.4257,1.60,0.80
2007.04.17 15:03:43.447,2.4256,2.4258,1.60,0.80
2007.04.17 15:03:44.139,2.4255,2.4258,1.60,0.80
2007.04.17 15:03:45.169,2.4255,2.4259,1.60,4.80
2007.04.17 15:03:46.995,2.4255,2.4259,9.30,4.80
2007.04.17 15:03:48.889,2.4255,2.4257,7.70,0.80
2007.04.17 15:03:49.152,2.42555,2.4257,3.70,0.80
2007.04.17 15:03:49.907,2.4254,2.4257,7.70,0.80
2007.04.17 15:03:50.455,2.4254,2.4258,13.30,6.30
2007.04.17 15:03:50.695,2.4254,2.4258,13.30,1.60
2007.04.17 15:03:51.003,2.4255,2.4258,1.60,0.80
2007.04.17 15:03:52.201,2.4255,2.4258,7.80,0.80
2007.04.17 15:03:52.413,2.4255,2.4258,11.60,0.80
2007.04.17 15:03:52.629,2.4256,2.4258,11.70,0.80
2007.04.17 15:03:53.116,2.4256,2.4258,7.70,0.80
2007.04.17 15:03:54.339,2.42555,2.4258,3.70,0.80
2007.04.17 15:03:55.838,2.4256,2.4258,4.00,0.80
2007.04.17 15:03:56.065,2.4256,2.4259,7.70,0.80
2007.04.17 15:04:01.786,2.4255,2.4259,9.30,0.80
2007.04.17 15:04:03.225,2.4256,2.4259,4.00,0.80
2007.04.17 15:04:03.433,2.4256,2.4259,7.70,0.80
2007.04.17 15:04:06.918,2.4257,2.4259,0.80,0.80
2007.04.17 15:04:13.023,2.4256,2.4259,8.50,0.80
2007.04.17 15:04:15.990,2.4256,2.4259,8.50,3.00
2007.04.17 15:04:16.201,2.4255,2.4256,2.00,4.00
2007.04.17 15:04:16.838,2.4254,2.4256,8.50,4.00
2007.04.17 15:04:17.337,2.4254,2.4256,0.80,4.00
2007.04.17 15:04:18.441,2.4255,2.4259,1.60,6.20
2007.04.17 15:04:18.742,2.4255,2.4258,1.60,4.00
2007.04.17 15:04:19.063,2.4254,2.4257,7.70,0.80
2007.04.17 15:04:19.868,2.4254,2.4257,7.70,4.80
2007.04.17 15:04:20.501,2.4254,2.4257,7.70,0.80
2007.04.17 15:04:20.711,2.4254,2.4257,7.70,4.80
2007.04.17 15:04:22.061,2.4254,2.4257,4.00,4.80
2007.04.17 15:04:22.329,2.4255,2.4257,0.80,4.80
2007.04.17 15:04:22.810,2.42535,2.4257,3.70,4.80
2007.04.17 15:04:23.520,2.42535,2.4257,3.70,0.80
2007.04.17 15:04:23.941,2.4254,2.4257,4.00,0.80
2007.04.17 15:04:24.336,2.4254,2.4258,9.30,4.80
2007.04.17 15:04:24.670,2.4254,2.4258,13.30,0.80
2007.04.17 15:04:25.986,2.42545,2.426,3.70,17.50
2007.04.17 15:04:28.173,2.42545,2.426,3.70,8.80
2007.04.17 15:04:29.371,2.4254,2.4257,17.20,0.80
2007.04.17 15:04:34.430,2.4255,2.4259,1.60,0.80
2007.04.17 15:04:34.857,2.4255,2.42595,1.60,3.20
2007.04.17 15:04:35.062,2.4255,2.426,5.60,6.20
2007.04.17 15:04:35.578,2.42555,2.426,3.70,3.80
2007.04.17 15:04:40.078,2.42555,2.426,3.70,5.80
2007.04.17 15:04:44.932,2.4257,2.426,2.40,5.00
2007.04.17 15:04:46.466,2.42555,2.426,3.70,3.60
2007.04.17 15:04:46.691,2.42555,2.426,3.70,7.60
2007.04.17 15:04:54.097,2.4256,2.42605,0.80,7.20
2007.04.17 15:04:58.039,2.4256,2.4259,0.80,4.80
2007.04.17 15:05:04.777,2.4256,2.426,0.80,10.90
2007.04.17 15:05:05.327,2.4256,2.4257,0.80,4.80
2007.04.17 15:05:05.927,2.4256,2.4259,0.80,4.80
2007.04.17 15:05:06.306,2.4256,2.4259,0.80,0.80
2007.04.17 15:05:08.399,2.4256,2.426,0.80,6.20
2007.04.17 15:05:08.585,2.4256,2.4257,0.80,0.80
2007.04.17 15:05:12.993,2.4255,2.4257,8.50,0.80
2007.04.17 15:05:14.534,2.4255,2.4257,4.50,0.80
2007.04.17 15:05:15.169,2.4255,2.4257,0.80,0.80
2007.04.17 15:05:17.953,2.4255,2.4258,3.20,4.00
2007.04.17 15:05:20.015,2.4255,2.4259,3.20,0.80
2007.04.17 15:05:20.928,2.4255,2.4257,0.80,0.80
2007.04.17 15:05:21.966,2.4255,2.4259,3.20,0.80
2007.04.17 15:05:22.267,2.4256,2.4259,0.80,0.80
2007.04.17 15:05:23.205,2.4255,2.4258,3.20,4.00
2007.04.17 15:05:23.412,2.4255,2.4257,0.80,0.80
2007.04.17 15:05:23.787,2.4254,2.4256,7.70,4.00
2007.04.17 15:05:25.283,2.4253,2.4256,10.90,4.00
2007.04.17 15:05:30.772,2.4253,2.4256,3.20,4.00
2007.04.17 15:05:31.878,2.4253,2.4256,2.40,4.00
2007.04.17 15:05:33.200,2.4253,2.4256,2.40,0.60
2007.04.17 15:05:35.430,2.4252,2.42575,18.00,3.20
2007.04.17 15:05:39.481,2.4255,2.4257,2.40,0.80
2007.04.17 15:05:40.667,2.4253,2.42575,2.40,4.00
2007.04.17 15:05:41.382,2.42525,2.4257,3.70,1.60
2007.04.17 15:05:42.899,2.4253,2.4256,2.40,0.50
2007.04.17 15:05:43.389,2.4253,2.42575,2.40,4.00
2007.04.17 15:05:43.849,2.4253,2.42575,3.20,3.20
2007.04.17 15:05:44.961,2.4255,2.42575,2.40,0.60
2007.04.17 15:05:45.377,2.4253,2.42575,3.20,3.20
2007.04.17 15:05:45.714,2.4253,2.4257,8.70,0.80
2007.04.17 15:05:47.531,2.4254,2.42575,9.50,3.20
2007.04.17 15:05:47.846,2.4254,2.42585,10.30,3.20
2007.04.17 15:05:52.886,2.4254,2.4257,9.50,0.80
2007.04.17 15:05:54.429,2.4253,2.4258,10.90,5.60
2007.04.17 15:05:57.440,2.4253,2.4258,3.20,8.00
2007.04.17 15:05:58.590,2.4253,2.4259,0.80,18.60
2007.04.17 15:05:58.815,2.4253,2.4256,0.80,4.80
2007.04.17 15:05:59.631,2.4253,2.4256,3.20,0.70
2007.04.17 15:05:59.929,2.4253,2.4256,0.80,4.80
2007.04.17 15:06:02.122,2.4253,2.4256,0.80,6.20
2007.04.17 15:06:02.720,2.4253,2.4255,0.80,0.80
2007.04.17 15:06:03.111,2.4253,2.4256,0.80,0.80
2007.04.17 15:06:03.439,2.4253,2.4257,6.30,8.60
2007.04.17 15:06:03.843,2.4253,2.4257,14.30,2.40
2007.04.17 15:06:04.128,2.42535,2.4258,3.70,0.80
2007.04.17 15:06:04.977,2.4255,2.4258,2.40,0.80
2007.04.17 15:06:05.193,2.42555,2.4258,3.70,0.80
2007.04.17 15:06:06.115,2.42555,2.4258,3.70,4.80
2007.04.17 15:06:06.319,2.42555,2.4257,3.70,0.80
2007.04.17 15:06:07.332,2.4254,2.4257,17.20,0.80
2007.04.17 15:06:07.955,2.4254,2.4257,13.50,0.80
2007.04.17 15:06:09.467,2.4253,2.4258,8.50,6.40
2007.04.17 15:06:10.608,2.4253,2.4258,8.50,4.80
2007.04.17 15:06:11.112,2.4253,2.4258,8.50,5.60
2007.04.17 15:06:11.388,2.4253,2.4258,8.50,13.50
2007.04.17 15:06:12.699,2.4253,2.4258,0.80,15.90
2007.04.17 15:06:14.137,2.4253,2.4258,8.50,13.50
2007.04.17 15:06:17.530,2.4253,2.4255,3.70,0.80
2007.04.17 15:06:17.784,2.4252,2.4255,12.50,0.80
2007.04.17 15:06:24.375,2.4252,2.4255,4.80,0.80
2007.04.17 15:06:26.215,2.4252,2.4255,12.50,0.80
2007.04.17 15:06:26.963,2.4252,2.4255,18.00,0.80
2007.04.17 15:06:28.006,2.4253,2.42565,7.90,2.40
2007.04.17 15:06:28.602,2.4253,2.4257,7.90,4.00
2007.04.17 15:06:28.687,2.4253,2.4258,7.90,17.80
2007.04.17 15:06:29.161,2.4253,2.4257,7.90,7.60
2007.04.17 15:06:31.372,2.4251,2.4256,18.70,5.60
2007.04.17 15:06:31.978,2.4253,2.42565,7.90,7.20
2007.04.17 15:06:35.028,2.4253,2.4257,7.90,12.40
2007.04.17 15:06:38.387,2.4253,2.4256,7.90,0.70
2007.04.17 15:06:38.591,2.4253,2.4255,2.40,0.80
2007.04.17 15:06:38.907,2.4251,2.42555,10.10,4.00
2007.04.17 15:06:39.111,2.4251,2.42555,7.90,4.00
2007.04.17 15:06:39.500,2.4251,2.4255,7.90,5.60
2007.04.17 15:06:40.899,2.4251,2.4255,11.60,5.60
2007.04.17 15:06:43.147,2.4251,2.4254,7.90,0.80
2007.04.17 15:06:44.103,2.4251,2.4254,2.40,0.60
2007.04.17 15:06:44.348,2.4251,2.4255,7.90,5.60
2007.04.17 15:06:46.306,2.4251,2.4255,11.60,5.60
2007.04.17 15:06:46.622,2.4252,2.4254,2.40,0.90
2007.04.17 15:06:52.593,2.4252,2.4256,2.40,7.60
2007.04.17 15:06:53.272,2.4251,2.4255,9.20,0.60
2007.04.17 15:06:53.500,2.4254,2.4256,2.40,2.80
2007.04.17 15:06:53.793,2.4252,2.4256,10.10,3.60
2007.04.17 15:07:00.290,2.4252,2.4255,7.70,1.60
2007.04.17 15:07:00.502,2.4252,2.4254,7.70,4.00
2007.04.17 15:07:00.910,2.4252,2.4254,3.70,4.00
2007.04.17 15:07:01.124,2.42505,2.4253,3.70,0.80
2007.04.17 15:07:01.836,2.425,2.4253,8.50,0.80
2007.04.17 15:07:02.946,2.425,2.4254,8.50,4.00
2007.04.17 15:07:03.650,2.425,2.4251,4.80,0.80
2007.04.17 15:07:03.968,2.425,2.4253,0.80,0.80
2007.04.17 15:07:06.818,2.4252,2.4254,2.40,4.00
2007.04.17 15:07:07.037,2.4252,2.4255,2.40,9.40
2007.04.17 15:07:07.858,2.4252,2.4255,2.40,7.20
2007.04.17 15:07:09.261,2.4251,2.4255,2.40,15.90
2007.04.17 15:07:09.670,2.4251,2.42545,6.40,2.40
2007.04.17 15:07:09.965,2.4251,2.42545,11.90,2.40
2007.04.17 15:07:11.403,2.4251,2.4255,11.90,4.00
2007.04.17 15:07:12.465,2.4251,2.4255,11.90,1.60
2007.04.17 15:07:12.964,2.4251,2.4255,2.40,1.60
2007.04.17 15:07:13.664,2.4251,2.42545,2.40,2.40
2007.04.17 15:07:17.032,2.4251,2.4254,2.40,4.00
2007.04.17 15:07:18.435,2.425,2.4253,0.80,0.80
2007.04.17 15:07:18.745,2.425,2.4252,0.80,4.00
2007.04.17 15:07:19.607,2.4251,2.4254,2.40,4.00
2007.04.17 15:07:37.320,2.4251,2.4254,3.20,4.00
2007.04.17 15:07:37.885,2.4251,2.4254,2.40,4.00
2007.04.17 15:07:42.253,2.4251,2.42535,2.40,2.40
2007.04.17 15:07:43.251,2.4251,2.42545,2.40,2.40
2007.04.17 15:07:44.013,2.4251,2.42545,1.60,2.40
2007.04.17 15:07:44.284,2.425,2.4253,0.80,0.80
2007.04.17 15:07:44.615,2.425,2.4253,0.80,4.80
2007.04.17 15:07:44.965,2.4249,2.4253,15.60,4.80
2007.04.17 15:07:46.067,2.4251,2.4253,0.80,4.00
2007.04.17 15:07:47.836,2.425,2.4253,9.30,4.00
2007.04.17 15:07:48.381,2.4251,2.4253,0.80,4.00
2007.04.17 15:07:49.975,2.425,2.4253,2.40,4.00
2007.04.17 15:07:51.895,2.4252,2.4253,0.80,4.00
2007.04.17 15:07:52.332,2.4252,2.4253,2.40,4.00
2007.04.17 15:07:52.588,2.4252,2.4254,2.40,2.40
2007.04.17 15:07:53.450,2.4252,2.4256,2.40,11.00
2007.04.17 15:08:04.846,2.4252,2.42555,2.40,2.40
2007.04.17 15:08:10.504,2.4252,2.42555,1.60,2.40
2007.04.17 15:08:12.544,2.4252,2.4255,1.60,2.40
2007.04.17 15:08:14.539,2.4252,2.4255,2.40,2.40
2007.04.17 15:08:18.945,2.4251,2.4254,0.80,0.80
2007.04.17 15:08:22.429,2.425,2.4254,3.20,0.80
2007.04.17 15:08:24.517,2.425,2.4253,0.80,0.80
2007.04.17 15:08:24.746,2.425,2.4252,0.80,4.00
2007.04.17 15:08:25.549,2.425,2.4251,0.80,0.80
2007.04.17 15:08:25.790,2.4249,2.4251,0.80,0.80
2007.04.17 15:08:26.406,2.4249,2.4252,3.20,6.40
2007.04.17 15:08:26.883,2.4249,2.4251,3.20,4.00
2007.04.17 15:08:27.237,2.4249,2.4252,3.20,2.40
2007.04.17 15:08:28.542,2.4249,2.4253,3.20,8.80
2007.04.17 15:08:28.786,2.4251,2.4253,2.40,4.00
2007.04.17 15:08:29.135,2.4251,2.4254,2.40,3.20
2007.04.17 15:08:29.420,2.4251,2.42535,2.40,2.40
2007.04.17 15:08:29.650,2.4252,2.42535,5.50,2.40
2007.04.17 15:08:30.813,2.4253,2.4255,2.40,7.20
2007.04.17 15:08:31.046,2.4253,2.4255,2.40,2.40
2007.04.17 15:08:31.270,2.4253,2.4256,2.40,7.20
2007.04.17 15:08:31.833,2.4253,2.4256,2.40,0.60
2007.04.17 15:08:33.513,2.4252,2.4255,5.50,0.80
2007.04.17 15:08:36.678,2.4252,2.4255,9.20,0.80
2007.04.17 15:08:36.945,2.4253,2.4256,2.40,4.80
2007.04.17 15:08:37.258,2.4253,2.4256,2.40,0.80
2007.04.17 15:08:39.399,2.42525,2.4255,3.70,0.80
2007.04.17 15:08:39.948,2.42525,2.4255,3.70,4.80
2007.04.17 15:08:40.546,2.4251,2.4255,6.90,4.80
2007.04.17 15:08:41.621,2.4251,2.4255,3.20,7.20
2007.04.17 15:08:43.021,2.4251,2.4255,3.20,4.80
2007.04.17 15:08:45.150,2.42515,2.4255,3.70,4.80
2007.04.17 15:08:48.884,2.4253,2.4255,2.40,4.00
2007.04.17 15:08:49.201,2.4253,2.4256,2.40,0.80
2007.04.17 15:08:49.873,2.4253,2.42565,2.40,2.40
2007.04.17 15:08:51.328,2.4253,2.4256,2.40,2.40
2007.04.17 15:08:56.471,2.4252,2.4255,0.80,0.80
2007.04.17 15:08:57.247,2.4252,2.4255,0.80,2.40
2007.04.17 15:08:57.882,2.425,2.4254,14.00,0.80
2007.04.17 15:08:58.931,2.4251,2.4254,2.40,0.80
2007.04.17 15:08:59.961,2.4251,2.4254,2.40,2.40
2007.04.17 15:09:01.119,2.4251,2.4254,2.40,3.20
2007.04.17 15:09:01.896,2.4251,2.4254,1.40,3.20
2007.04.17 15:09:01.912,2.425,2.42535,7.90,2.40
2007.04.17 15:09:02.421,2.425,2.4254,7.90,3.20
2007.04.17 15:09:04.468,2.4251,2.4254,2.40,2.40
2007.04.17 15:09:05.680,2.4251,2.4254,2.40,6.40
2007.04.17 15:09:06.117,2.4251,2.4254,2.40,4.00
2007.04.17 15:09:17.094,2.4251,2.42545,2.40,2.40
2007.04.17 15:09:17.406,2.425,2.4253,5.50,0.80
2007.04.17 15:09:17.645,2.42495,2.4253,3.70,0.80
2007.04.17 15:09:17.994,2.4249,2.4253,3.20,0.80
2007.04.17 15:09:18.206,2.4251,2.4254,2.40,6.40
2007.04.17 15:09:18.484,2.4249,2.4254,14.30,2.40
2007.04.17 15:09:18.759,2.4249,2.42545,18.00,2.40
2007.04.17 15:09:19.079,2.4249,2.4254,18.00,0.80
2007.04.17 15:09:19.363,2.4253,2.4254,2.40,0.80
2007.04.17 15:09:19.956,2.4252,2.4254,4.00,0.80
2007.04.17 15:09:20.234,2.4251,2.42545,2.40,2.40
2007.04.17 15:09:20.648,2.4251,2.4255,2.40,4.80
2007.04.17 15:09:20.947,2.4253,2.4255,2.40,4.00
2007.04.17 15:09:21.345,2.4253,2.42555,2.40,2.40
2007.04.17 15:09:22.366,2.4253,2.4256,2.40,3.20
2007.04.17 15:09:22.671,2.4253,2.4256,2.40,5.40
2007.04.17 15:09:23.156,2.425,2.42555,12.50,2.40
2007.04.17 15:09:23.639,2.4253,2.42555,2.40,2.40
2007.04.17 15:09:23.844,2.4253,2.42545,2.40,2.40
2007.04.17 15:09:24.103,2.4251,2.42545,3.20,2.40
2007.04.17 15:09:24.367,2.4251,2.4255,3.20,0.80
2007.04.17 15:09:25.504,2.4251,2.4255,3.20,3.20
2007.04.17 15:09:26.558,2.4253,2.4255,2.40,2.40
2007.04.17 15:09:26.914,2.4253,2.42555,2.40,2.40
2007.04.17 15:09:30.038,2.4253,2.4255,2.40,2.40
2007.04.17 15:09:37.020,2.4251,2.4254,2.40,0.80
2007.04.17 15:09:37.260,2.4251,2.4255,2.40,3.20
2007.04.17 15:09:38.167,2.4251,2.4254,2.40,2.40
2007.04.17 15:09:40.603,2.425,2.4254,0.80,2.40
2007.04.17 15:09:41.035,2.425,2.42545,0.80,2.40
2007.04.17 15:09:41.542,2.4251,2.4255,2.40,11.10
2007.04.17 15:09:41.842,2.4251,2.4254,2.40,4.00
2007.04.17 15:09:42.215,2.4251,2.42535,2.40,2.40
2007.04.17 15:09:42.425,2.425,2.4253,0.80,0.80
2007.04.17 15:09:43.080,2.4251,2.42535,2.40,2.40
2007.04.17 15:09:44.256,2.4251,2.42525,2.40,2.40
2007.04.17 15:09:44.534,2.4251,2.42545,2.40,2.40
2007.04.17 15:09:46.398,2.4251,2.4254,2.40,2.40
2007.04.17 15:09:49.164,2.4251,2.42545,2.40,2.40
2007.04.17 15:09:51.033,2.4251,2.4254,2.40,0.80
2007.04.17 15:09:51.146,2.4251,2.4254,0.90,0.80
2007.04.17 15:09:51.302,2.4251,2.4254,0.70,3.20
2007.04.17 15:09:55.559,2.425,2.4254,7.90,0.80
2007.04.17 15:10:00.097,2.425,2.4254,7.90,2.40
2007.04.17 15:10:00.980,2.4249,2.4254,24.10,2.40
2007.04.17 15:10:01.993,2.425,2.4255,6.00,0.80
2007.04.17 15:10:02.984,2.42505,2.4255,6.10,0.80
2007.04.17 15:10:03.397,2.4253,2.4254,1.00,0.80
2007.04.17 15:10:03.809,2.42495,2.4254,19.40,0.80
2007.04.17 15:10:04.375,2.425,2.4255,4.20,2.40
2007.04.17 15:10:04.848,2.42505,2.4256,6.10,3.20
2007.04.17 15:10:05.600,2.42505,2.4255,6.10,0.80
2007.04.17 15:10:06.330,2.4251,2.4255,2.30,0.80
2007.04.17 15:10:06.777,2.425,2.4255,21.90,0.80
2007.04.17 15:10:07.786,2.425,2.4255,21.80,0.80
2007.04.17 15:10:08.259,2.4252,2.4255,0.50,0.80
2007.04.17 15:10:08.564,2.4251,2.4255,14.20,0.80
2007.04.17 15:10:13.732,2.4252,2.4256,11.90,3.20
2007.04.17 15:10:14.152,2.4252,2.4256,13.50,0.80
2007.04.17 15:10:15.023,2.4253,2.4256,6.40,0.80
2007.04.17 15:10:17.929,2.4253,2.4256,1.20,0.80
2007.04.17 15:10:20.527,2.4253,2.4256,2.40,0.80
2007.04.17 15:10:23.079,2.4252,2.4255,7.10,0.80
2007.04.17 15:10:24.775,2.4252,2.4255,7.10,4.80
2007.04.17 15:10:24.986,2.4251,2.4255,2.40,4.80
2007.04.17 15:10:25.192,2.4251,2.4255,2.40,7.00
2007.04.17 15:10:25.716,2.4251,2.4255,2.40,8.80
2007.04.17 15:10:25.942,2.4251,2.4254,2.40,2.40
2007.04.17 15:10:27.767,2.4251,2.42535,2.40,2.40
2007.04.17 15:10:29.206,2.4249,2.4253,8.70,0.80
2007.04.17 15:10:31.257,2.4249,2.4253,3.20,3.20
2007.04.17 15:10:31.795,2.4249,2.42525,3.20,2.40
2007.04.17 15:10:32.204,2.4249,2.42525,8.70,2.40
2007.04.17 15:10:32.500,2.4249,2.4253,8.70,3.20
2007.04.17 15:10:34.683,2.4249,2.4253,7.20,3.20
2007.04.17 15:10:35.382,2.4249,2.42525,7.20,2.40
2007.04.17 15:10:36.325,2.4249,2.4253,7.20,3.20
2007.04.17 15:10:38.278,2.4249,2.4253,12.70,3.20
2007.04.17 15:10:38.488,2.4249,2.4253,12.70,0.80
2007.04.17 15:10:41.659,2.4249,2.4253,7.20,0.80
2007.04.17 15:10:41.866,2.4249,2.4253,7.20,3.20
2007.04.17 15:10:46.695,2.4249,2.4253,12.70,3.20
2007.04.17 15:10:46.993,2.4249,2.4253,12.70,0.80
2007.04.17 15:10:50.231,2.4251,2.42535,2.40,2.40
2007.04.17 15:10:50.466,2.4252,2.42535,4.00,2.40
2007.04.17 15:10:50.900,2.4252,2.4253,4.00,2.40
2007.04.17 15:10:51.270,2.4252,2.4255,4.00,3.20
2007.04.17 15:10:51.812,2.4252,2.4255,9.50,3.20
2007.04.17 15:10:52.063,2.4252,2.4255,9.50,0.80
2007.04.17 15:10:52.884,2.4253,2.4256,2.40,3.20
2007.04.17 15:10:53.146,2.4253,2.4256,2.40,7.20
2007.04.17 15:10:53.905,2.4253,2.4256,2.40,3.20
2007.04.17 15:10:54.211,2.4252,2.4255,9.50,0.80
2007.04.17 15:10:56.723,2.4252,2.4255,4.00,0.80
2007.04.17 15:10:59.244,2.4254,2.4256,2.40,3.20
2007.04.17 15:10:59.841,2.4254,2.4256,2.40,0.80
2007.04.17 15:11:01.236,2.4253,2.4256,11.90,0.80
2007.04.17 15:11:03.313,2.4253,2.4256,6.40,0.80
2007.04.17 15:11:04.878,2.4253,2.4256,6.40,3.20
2007.04.17 15:11:05.308,2.4253,2.4255,4.00,0.80
2007.04.17 15:11:05.630,2.4252,2.4255,15.70,0.80
2007.04.17 15:11:05.921,2.4252,2.4255,11.70,1.60
2007.04.17 15:11:06.434,2.4252,2.4255,12.50,0.80
2007.04.17 15:11:06.818,2.4252,2.4255,11.70,0.80
2007.04.17 15:11:07.164,2.4252,2.4255,9.50,0.80
2007.04.17 15:11:07.369,2.4252,2.4255,6.30,0.80
2007.04.17 15:11:11.377,2.4252,2.4255,5.50,0.80
2007.04.17 15:11:13.017,2.4251,2.4255,5.40,0.80
2007.04.17 15:11:13.793,2.4253,2.42555,2.40,2.40
2007.04.17 15:11:14.801,2.4253,2.42555,7.90,2.40
2007.04.17 15:11:15.111,2.4252,2.4255,6.30,0.80
2007.04.17 15:11:16.942,2.4252,2.4255,6.30,0.80
2007.04.17 15:11:24.280,2.4253,2.42555,2.40,2.40
2007.04.17 15:11:35.772,2.4253,2.4256,2.40,4.80
2007.04.17 15:11:42.532,2.4252,2.4256,10.30,0.80
2007.04.17 15:11:42.843,2.4255,2.4256,2.40,0.80
2007.04.17 15:11:44.670,2.4254,2.4257,11.90,1.60
2007.04.17 15:11:44.886,2.4254,2.4257,6.40,1.60
2007.04.17 15:11:48.842,2.4254,2.4257,4.00,1.60
2007.04.17 15:11:49.058,2.4253,2.4257,2.40,1.60
2007.04.17 15:11:50.409,2.4253,2.42565,2.40,2.40
2007.04.17 15:11:51.306,2.4252,2.4256,18.50,4.00
2007.04.17 15:11:53.531,2.4253,2.4256,0.80,4.00
2007.04.17 15:12:08.939,2.4252,2.4256,12.30,4.00
2007.04.17 15:12:15.038,2.4252,2.4256,6.80,4.00
2007.04.17 15:12:15.688,2.4252,2.4257,9.20,13.50
2007.04.17 15:12:25.726,2.4252,2.4257,12.90,11.10
2007.04.17 15:12:27.921,2.42525,2.4257,3.70,10.30
2007.04.17 15:12:28.595,2.42525,2.4257,3.70,9.50
2007.04.17 15:12:35.387,2.4253,2.4257,7.70,9.50
2007.04.17 15:12:35.759,2.4253,2.4257,3.70,8.70
2007.04.17 15:12:36.080,2.4253,2.4257,5.30,0.80
2007.04.17 15:12:36.302,2.4253,2.4257,1.60,0.80
2007.04.17 15:12:37.726,2.4253,2.4257,2.40,0.80
2007.04.17 15:12:42.209,2.4253,2.4257,2.40,1.60
2007.04.17 15:12:48.367,2.4253,2.4257,1.60,2.40
2007.04.17 15:12:59.362,2.4253,2.4257,1.60,4.00
2007.04.17 15:12:59.738,2.4253,2.4257,1.60,6.40
2007.04.17 15:13:01.141,2.4253,2.4257,1.60,4.80
2007.04.17 15:13:01.518,2.4253,2.4257,1.60,2.40
2007.04.17 15:13:02.802,2.4254,2.4257,1.60,1.60
2007.04.17 15:13:04.452,2.4253,2.4257,14.80,2.40
2007.04.17 15:13:04.805,2.4254,2.4257,1.60,1.60
2007.04.17 15:13:05.281,2.4254,2.4257,5.60,1.60
2007.04.17 15:13:07.103,2.4254,2.4257,5.60,0.80
2007.04.17 15:13:08.074,2.4254,2.4258,5.60,1.60
2007.04.17 15:13:10.434,2.4254,2.4257,4.00,0.80
2007.04.17 15:13:10.745,2.4253,2.4257,1.60,0.80
2007.04.17 15:13:11.805,2.4253,2.4257,1.60,3.20
2007.04.17 15:13:12.307,2.4253,2.4257,1.60,4.00
2007.04.17 15:13:12.868,2.4253,2.42565,1.60,2.40
2007.04.17 15:13:14.388,2.4253,2.42565,3.20,2.40
2007.04.17 15:13:18.869,2.4253,2.4256,3.20,0.80
2007.04.17 15:13:19.196,2.4253,2.4256,3.20,1.60
2007.04.17 15:13:19.433,2.4253,2.4256,3.20,4.00
2007.04.17 15:13:19.893,2.4253,2.4256,3.20,3.20
2007.04.17 15:13:20.519,2.4253,2.4256,3.20,0.80
2007.04.17 15:13:26.455,2.4255,2.4256,3.20,0.80
2007.04.17 15:13:26.950,2.4255,2.4257,3.20,1.60
2007.04.17 15:13:30.907,2.4255,2.4256,3.20,0.80
2007.04.17 15:13:31.447,2.4255,2.4257,3.20,4.00
2007.04.17 15:13:31.702,2.4255,2.4257,3.20,1.60
2007.04.17 15:13:33.033,2.4255,2.4256,3.20,0.80
2007.04.17 15:13:33.521,2.4255,2.4256,3.20,1.60
2007.04.17 15:13:34.435,2.4254,2.4256,4.00,4.00
2007.04.17 15:13:34.639,2.4253,2.4256,5.40,4.00
2007.04.17 15:13:34.948,2.4255,2.4256,3.20,4.00
2007.04.17 15:13:35.411,2.4255,2.4256,3.20,1.60
2007.04.17 15:13:35.964,2.4254,2.4256,4.00,1.60
2007.04.17 15:13:36.206,2.4253,2.4256,3.20,1.60
2007.04.17 15:13:36.951,2.4253,2.42555,3.20,2.40
2007.04.17 15:13:43.532,2.4253,2.42555,8.70,2.40
2007.04.17 15:13:43.788,2.4253,2.4256,12.70,4.00
2007.04.17 15:13:44.320,2.4253,2.4256,12.70,1.60
2007.04.17 15:13:44.561,2.4253,2.4256,12.70,0.80
2007.04.17 15:13:46.112,2.4253,2.4256,5.30,0.80
2007.04.17 15:13:47.632,2.4253,2.4257,6.10,4.00
2007.04.17 15:13:51.552,2.4253,2.4257,5.10,1.60
2007.04.17 15:13:52.053,2.4253,2.4257,13.50,0.80
2007.04.17 15:13:52.674,2.4254,2.4257,0.50,3.20
2007.04.17 15:13:54.068,2.4254,2.4257,0.50,7.20
2007.04.17 15:13:54.286,2.4253,2.4257,9.50,4.80
2007.04.17 15:14:00.516,2.4254,2.4257,1.20,7.20
2007.04.17 15:14:03.042,2.4253,2.4257,2.50,8.00
2007.04.17 15:14:04.985,2.4254,2.4257,0.80,7.20
2007.04.17 15:14:05.554,2.4254,2.4257,1.80,8.00
2007.04.17 15:14:10.340,2.4252,2.42565,13.80,2.40
2007.04.17 15:14:10.710,2.4252,2.4256,13.80,0.80
2007.04.17 15:14:12.645,2.4253,2.4257,1.20,8.00
2007.04.17 15:14:15.023,2.4253,2.4257,8.70,8.00
2007.04.17 15:14:15.360,2.4254,2.4257,1.80,9.60
2007.04.17 15:14:16.472,2.4254,2.4257,3.20,8.00
2007.04.17 15:14:17.216,2.4254,2.4257,4.00,7.20
2007.04.17 15:14:17.457,2.4254,2.4256,4.00,2.40
2007.04.17 15:14:17.688,2.4254,2.4256,1.60,3.20
2007.04.17 15:14:18.010,2.4254,2.4256,1.60,0.80
2007.04.17 15:14:20.006,2.4253,2.4256,2.40,0.80
2007.04.17 15:14:27.650,2.4254,2.4256,1.60,0.80
2007.04.17 15:14:28.336,2.4254,2.4257,1.60,0.80
2007.04.17 15:14:29.152,2.4254,2.4257,2.40,0.80
2007.04.17 15:14:33.336,2.4255,2.4257,0.80,0.80
2007.04.17 15:14:37.639,2.4255,2.4256,0.80,0.80
2007.04.17 15:14:39.970,2.4253,2.4255,0.80,0.80
2007.04.17 15:14:42.440,2.4255,2.4256,0.80,0.80
2007.04.17 15:14:59.917,2.4253,2.4255,0.80,0.80
2007.04.17 15:15:00.398,2.4252,2.4255,10.30,0.80
2007.04.17 15:15:00.703,2.4252,2.4255,5.50,0.80
2007.04.17 15:15:02.171,2.4253,2.4256,1.60,4.00
2007.04.17 15:15:02.672,2.4253,2.4255,1.60,0.80
2007.04.17 15:15:19.231,2.4252,2.4255,6.30,1.60
2007.04.17 15:15:21.473,2.4252,2.4255,0.80,1.60
2007.04.17 15:15:21.925,2.4252,2.4253,0.80,0.80
2007.04.17 15:15:22.151,2.4252,2.4255,0.80,12.50
2007.04.17 15:15:22.632,2.4252,2.4253,0.80,4.00
2007.04.17 15:15:22.935,2.4252,2.4253,0.80,4.80
2007.04.17 15:15:23.269,2.4252,2.4253,2.80,4.80
2007.04.17 15:15:24.059,2.425,2.4253,8.50,4.80
2007.04.17 15:15:25.400,2.425,2.4253,0.80,4.80
2007.04.17 15:15:26.086,2.425,2.4253,0.80,5.60
2007.04.17 15:15:26.724,2.425,2.4253,2.40,4.80
2007.04.17 15:15:27.107,2.425,2.4253,2.40,4.00
2007.04.17 15:15:28.350,2.425,2.4253,2.40,4.80
2007.04.17 15:15:31.276,2.425,2.4253,2.40,4.00
2007.04.17 15:15:31.495,2.4251,2.4253,1.60,4.00
2007.04.17 15:15:31.995,2.4251,2.4253,2.40,4.00
2007.04.17 15:15:32.550,2.4251,2.4253,1.60,4.00
2007.04.17 15:15:34.198,2.4252,2.4253,1.60,4.00
2007.04.17 15:15:34.478,2.4251,2.4254,4.00,1.60
2007.04.17 15:15:34.793,2.425,2.4254,11.70,4.80
2007.04.17 15:15:37.738,2.425,2.4254,2.40,4.80
2007.04.17 15:15:38.979,2.425,2.4254,1.50,4.80
2007.04.17 15:15:41.626,2.425,2.4254,6.40,0.80
2007.04.17 15:15:41.950,2.425,2.4254,0.90,3.20
2007.04.17 15:15:42.406,2.425,2.42535,5.60,2.40
2007.04.17 15:15:42.745,2.425,2.4254,6.40,2.40
2007.04.17 15:15:43.227,2.425,2.4253,6.40,0.80
2007.04.17 15:15:46.144,2.4251,2.4254,1.10,1.60
2007.04.17 15:15:47.136,2.425,2.4254,13.30,0.80
2007.04.17 15:15:48.632,2.425,2.4253,9.30,4.00
2007.04.17 15:15:52.914,2.4248,2.4253,26.20,4.80
2007.04.17 15:15:53.281,2.4248,2.4253,26.10,4.80
2007.04.17 15:15:53.846,2.425,2.4253,0.80,4.80
2007.04.17 15:15:57.319,2.425,2.4253,4.40,4.00
2007.04.17 15:15:59.403,2.4252,2.4253,0.80,4.00
2007.04.17 15:15:59.676,2.425,2.4253,2.80,4.80
2007.04.17 15:16:00.002,2.4251,2.4253,0.80,5.60
2007.04.17 15:16:01.549,2.425,2.4253,6.50,4.80
2007.04.17 15:16:03.888,2.425,2.4253,1.10,4.80
2007.04.17 15:16:04.271,2.425,2.4253,0.80,4.80
2007.04.17 15:16:11.917,2.425,2.4253,2.40,4.00
2007.04.17 15:16:13.804,2.425,2.4253,0.80,4.80
2007.04.17 15:16:14.898,2.425,2.4253,2.40,4.00
2007.04.17 15:16:15.591,2.425,2.4253,0.80,4.80
2007.04.17 15:16:19.866,2.4252,2.4253,1.60,4.00
2007.04.17 15:16:20.070,2.4252,2.4254,1.60,0.80
2007.04.17 15:16:20.276,2.425,2.4254,6.40,1.60
2007.04.17 15:16:20.481,2.42505,2.4254,3.70,1.60
2007.04.17 15:16:20.820,2.42505,2.4254,3.70,0.80
2007.04.17 15:16:22.042,2.4251,2.4254,3.70,0.80
2007.04.17 15:16:22.288,2.4252,2.4255,1.60,4.80
2007.04.17 15:16:26.279,2.42505,2.4254,3.70,0.80
2007.04.17 15:16:26.868,2.4251,2.4254,0.80,4.80
2007.04.17 15:16:27.721,2.4251,2.4254,0.80,0.80
2007.04.17 15:16:29.061,2.4251,2.4254,0.80,4.80
2007.04.17 15:16:29.508,2.425,2.4254,10.10,4.80
2007.04.17 15:16:30.818,2.425,2.4254,6.10,4.80
2007.04.17 15:16:31.049,2.425,2.4254,2.40,4.80
2007.04.17 15:16:31.273,2.425,2.4254,2.40,5.60
2007.04.17 15:16:33.005,2.4251,2.4254,0.80,5.60
2007.04.17 15:16:33.420,2.4252,2.4254,1.60,4.80
2007.04.17 15:16:33.725,2.4252,2.4254,1.60,0.80
2007.04.17 15:16:35.297,2.425,2.4254,6.40,1.60
2007.04.17 15:16:35.593,2.425,2.4254,2.40,5.60
2007.04.17 15:16:36.423,2.4252,2.4254,1.60,4.80
2007.04.17 15:16:36.697,2.4252,2.4254,1.60,0.80
2007.04.17 15:16:37.262,2.425,2.4254,15.70,0.80
2007.04.17 15:16:37.570,2.425,2.4254,11.70,4.80
2007.04.17 15:16:39.228,2.42525,2.4254,3.70,4.80
2007.04.17 15:16:39.237,2.42525,2.4254,1.30,4.80
2007.04.17 15:16:39.754,2.425,2.4254,10.10,4.80
2007.04.17 15:16:39.975,2.425,2.4253,10.10,4.00
2007.04.17 15:16:42.117,2.4252,2.4253,5.60,4.00
2007.04.17 15:16:42.399,2.4254,2.4256,1.60,1.60
2007.04.17 15:16:42.740,2.4253,2.4256,7.70,2.40
2007.04.17 15:16:43.674,2.42525,2.4256,3.70,1.60
2007.04.17 15:16:43.969,2.4252,2.4256,9.30,1.60
2007.04.17 15:16:45.110,2.4252,2.4256,5.60,4.00
2007.04.17 15:16:45.430,2.4252,2.4256,1.60,4.80
2007.04.17 15:16:46.277,2.42515,2.4254,3.70,0.80
2007.04.17 15:16:46.575,2.4252,2.4254,0.80,0.80
2007.04.17 15:16:47.172,2.4252,2.4254,0.80,4.80
2007.04.17 15:16:47.688,2.4252,2.4257,8.50,11.70
2007.04.17 15:16:50.339,2.4253,2.4257,1.60,2.40
2007.04.17 15:16:50.544,2.4253,2.4257,5.60,5.60
2007.04.17 15:16:50.828,2.42535,2.4257,3.70,5.60
2007.04.17 15:16:51.575,2.4254,2.4257,1.60,4.00
2007.04.17 15:16:51.880,2.4254,2.4257,9.30,6.20
2007.04.17 15:16:52.321,2.4254,2.4256,7.70,0.80
2007.04.17 15:16:53.009,2.42545,2.4257,3.70,4.80
2007.04.17 15:16:53.316,2.42545,2.4256,3.70,0.80
2007.04.17 15:16:53.920,2.42545,2.4257,3.70,4.80
2007.04.17 15:16:54.439,2.42545,2.4256,3.70,0.80
2007.04.17 15:16:54.836,2.4254,2.4256,4.00,4.80
2007.04.17 15:16:56.373,2.4254,2.4256,5.60,4.00
2007.04.17 15:16:56.774,2.4254,2.4257,5.60,6.30
2007.04.17 15:16:56.993,2.4254,2.4257,4.00,7.10
2007.04.17 15:16:57.409,2.42535,2.4257,3.70,1.60
2007.04.17 15:16:57.622,2.4253,2.4257,9.60,4.00
2007.04.17 15:16:57.841,2.4253,2.4256,9.60,0.80
2007.04.17 15:16:58.661,2.4253,2.4257,9.60,1.60
2007.04.17 15:16:59.029,2.4254,2.4257,1.60,0.80
2007.04.17 15:16:59.262,2.4254,2.4256,4.00,0.80
2007.04.17 15:16:59.722,2.42545,2.4256,3.70,0.80
2007.04.17 15:17:00.411,2.42545,2.4257,3.70,4.80
2007.04.17 15:17:00.793,2.4254,2.4256,4.00,0.80
2007.04.17 15:17:02.064,2.4254,2.4256,0.80,0.80
2007.04.17 15:17:02.312,2.4254,2.4257,2.40,4.00
2007.04.17 15:17:02.669,2.4254,2.4256,1.60,4.00
2007.04.17 15:17:02.958,2.4254,2.4258,1.60,11.00
2007.04.17 15:17:03.194,2.4254,2.4258,1.60,8.80
2007.04.17 15:17:03.839,2.4254,2.4257,1.60,0.80
2007.04.17 15:17:05.010,2.4254,2.42575,1.60,2.40
2007.04.17 15:17:06.452,2.4254,2.4257,1.60,0.80
2007.04.17 15:17:06.734,2.4254,2.4256,1.60,4.00
2007.04.17 15:17:12.417,2.4254,2.4257,1.60,0.80
2007.04.17 15:17:15.406,2.4254,2.4257,9.30,0.80
2007.04.17 15:17:16.319,2.4254,2.4257,1.60,0.80
2007.04.17 15:17:17.596,2.4253,2.4257,13.30,0.80
2007.04.17 15:17:18.051,2.4253,2.4256,3.10,0.80
2007.04.17 15:17:18.865,2.4253,2.4256,7.70,4.80
2007.04.17 15:17:19.140,2.42525,2.4256,3.70,4.80
2007.04.17 15:17:19.484,2.4254,2.4256,1.60,4.00
2007.04.17 15:17:25.871,2.4254,2.4257,1.60,1.60
2007.04.17 15:17:30.860,2.4254,2.4257,1.60,0.80
2007.04.17 15:17:34.546,2.42545,2.4258,3.70,5.60
2007.04.17 15:17:34.750,2.42545,2.4257,3.70,0.80
2007.04.17 15:17:34.961,2.4254,2.4257,1.60,0.80
2007.04.17 15:17:39.280,2.4254,2.4257,5.30,0.80
2007.04.17 15:17:39.834,2.4254,2.4256,5.30,4.00
2007.04.17 15:17:41.725,2.4254,2.4257,5.30,0.80
2007.04.17 15:17:43.060,2.4254,2.4257,5.30,1.60
2007.04.17 15:17:43.513,2.4254,2.4257,1.60,1.60
2007.04.17 15:17:44.612,2.4253,2.4257,5.60,2.40
2007.04.17 15:17:44.817,2.4253,2.4257,2.40,6.40
2007.04.17 15:17:45.102,2.4253,2.4257,10.10,6.40
2007.04.17 15:17:45.315,2.4253,2.4257,10.10,5.60
2007.04.17 15:17:45.790,2.4253,2.4257,2.40,5.60
2007.04.17 15:17:49.976,2.4253,2.4257,2.40,8.00
2007.04.17 15:17:50.543,2.4252,2.4255,4.80,0.80
2007.04.17 15:17:50.984,2.4252,2.4255,6.30,0.80
2007.04.17 15:17:54.113,2.4253,2.4257,2.40,8.80
2007.04.17 15:17:55.029,2.4252,2.4255,0.80,0.80
2007.04.17 15:17:55.724,2.4254,2.4255,0.80,0.80
2007.04.17 15:17:58.099,2.4253,2.4255,0.80,0.80
2007.04.17 15:17:59.178,2.4252,2.4255,0.80,1.60
2007.04.17 15:18:02.899,2.4252,2.4255,0.80,0.80
2007.04.17 15:18:05.091,2.4252,2.4255,0.80,0.80
2007.04.17 15:18:11.252,2.4252,2.4256,10.30,5.60
2007.04.17 15:18:12.775,2.4252,2.4255,14.00,0.80
2007.04.17 15:18:19.260,2.4253,2.4256,3.70,4.80
2007.04.17 15:18:19.629,2.4252,2.4255,18.00,0.80
2007.04.17 15:18:31.436,2.4253,2.42575,2.40,8.80
2007.04.17 15:18:31.935,2.4254,2.42575,4.00,4.80
2007.04.17 15:18:40.077,2.4254,2.4257,4.00,4.80
2007.04.17 15:18:43.753,2.4253,2.4257,6.40,4.80
2007.04.17 15:18:44.195,2.4253,2.42565,6.40,2.40
2007.04.17 15:18:45.677,2.4253,2.4257,6.40,4.80
2007.04.17 15:18:52.622,2.4253,2.42565,6.40,2.40
2007.04.17 15:18:59.392,2.4253,2.4255,4.00,0.80
2007.04.17 15:18:59.705,2.4252,2.4255,0.80,0.80
2007.04.17 15:19:16.414,2.4251,2.4255,12.90,0.80
2007.04.17 15:19:16.889,2.4251,2.4255,9.20,0.80
2007.04.17 15:19:19.901,2.4252,2.4255,0.80,0.80
2007.04.17 15:19:21.742,2.4252,2.4255,0.80,4.80
2007.04.17 15:19:22.707,2.4252,2.4255,0.80,5.60
2007.04.17 15:19:24.253,2.4252,2.4255,0.80,4.80
2007.04.17 15:19:25.003,2.4252,2.4255,0.80,0.80
2007.04.17 15:19:32.859,2.4253,2.4256,2.40,7.20
2007.04.17 15:19:33.781,2.4253,2.4256,6.40,3.20
2007.04.17 15:19:35.146,2.4253,2.4256,0.50,3.20
2007.04.17 15:19:36.927,2.4253,2.4255,1.70,0.80
2007.04.17 15:19:37.764,2.4251,2.4255,12.90,0.80
2007.04.17 15:19:43.433,2.4251,2.4255,16.90,0.80
2007.04.17 15:19:43.679,2.4251,2.4255,16.90,0.80
2007.04.17 15:19:45.369,2.4252,2.4255,0.80,0.80
2007.04.17 15:19:45.780,2.4253,2.4256,1.50,4.80
2007.04.17 15:19:46.001,2.4252,2.4256,16.40,0.80
2007.04.17 15:19:46.268,2.4252,2.4255,18.00,0.80
2007.04.17 15:19:46.537,2.4252,2.4256,16.40,4.80
2007.04.17 15:19:46.938,2.4252,2.4257,20.40,2.40
2007.04.17 15:19:47.909,2.4255,2.4257,0.60,1.60
2007.04.17 15:19:50.436,2.4256,2.4257,1.20,0.80
2007.04.17 15:19:50.860,2.4252,2.4257,4.80,1.60
2007.04.17 15:19:51.091,2.42535,2.4257,7.70,1.60
2007.04.17 15:19:51.311,2.4255,2.4257,6.40,0.80
2007.04.17 15:19:51.640,2.4255,2.4258,6.40,2.80
2007.04.17 15:19:51.929,2.42535,2.4255,1.20,0.80
2007.04.17 15:19:52.190,2.4253,2.4256,17.20,0.80
2007.04.17 15:19:52.516,2.4254,2.4256,0.70,0.80
2007.04.17 15:19:52.727,2.4254,2.4257,6.10,4.80
2007.04.17 15:19:52.954,2.42535,2.4257,2.10,5.60
2007.04.17 15:19:53.285,2.4254,2.4257,10.40,0.80
2007.04.17 15:19:54.817,2.42535,2.4257,7.70,0.80
2007.04.17 15:19:55.024,2.42545,2.4257,6.10,0.80
2007.04.17 15:19:55.387,2.42545,2.4257,6.10,0.80
2007.04.17 15:19:56.009,2.42545,2.4257,6.10,0.80
2007.04.17 15:19:56.546,2.4256,2.4258,6.40,0.80
2007.04.17 15:19:57.131,2.4255,2.4258,6.40,0.80
2007.04.17 15:19:57.718,2.4255,2.4258,1.50,0.80
2007.04.17 15:19:58.090,2.42545,2.4258,10.10,0.80
2007.04.17 15:19:58.371,2.4255,2.4258,0.50,0.80
2007.04.17 15:19:58.810,2.4255,2.4258,14.10,0.80
2007.04.17 15:20:00.133,2.4255,2.4259,10.10,7.80
2007.04.17 15:20:00.995,2.42555,2.4259,0.70,5.60
2007.04.17 15:20:01.262,2.4254,2.4259,14.90,5.60
2007.04.17 15:20:01.470,2.4254,2.4259,20.40,2.40
2007.04.17 15:20:02.006,2.4254,2.4259,20.40,2.40
2007.04.17 15:20:02.934,2.4255,2.4259,1.80,6.40
2007.04.17 15:20:03.348,2.4254,2.4259,14.90,6.40
2007.04.17 15:20:03.639,2.42545,2.4259,6.10,6.40
2007.04.17 15:20:04.144,2.42545,2.4259,14.10,2.40
2007.04.17 15:20:04.403,2.42555,2.4259,0.60,2.40
2007.04.17 15:20:06.598,2.42555,2.4259,3.70,6.40
2007.04.17 15:20:06.958,2.4255,2.4259,2.40,5.60
2007.04.17 15:20:08.270,2.4255,2.4259,2.40,8.80
2007.04.17 15:20:09.317,2.4257,2.4259,2.40,8.00
2007.04.17 15:20:09.578,2.4257,2.4259,2.40,0.80
2007.04.17 15:20:14.022,2.4256,2.4259,4.00,0.80
2007.04.17 15:20:14.318,2.4257,2.4259,2.40,0.80
2007.04.17 15:20:17.289,2.4256,2.4259,7.70,5.60
2007.04.17 15:20:18.056,2.4256,2.4259,3.30,5.60
2007.04.17 15:20:20.179,2.4255,2.426,11.70,0.80
2007.04.17 15:20:20.401,2.4255,2.426,11.70,4.80
2007.04.17 15:20:20.637,2.4256,2.4259,0.90,4.80
2007.04.17 15:20:20.965,2.4256,2.4257,1.90,4.00
2007.04.17 15:20:21.234,2.4255,2.4259,7.20,4.00
2007.04.17 15:20:22.800,2.4257,2.426,0.50,0.80
2007.04.17 15:20:23.035,2.4256,2.426,6.40,1.60
2007.04.17 15:20:23.458,2.4256,2.4259,6.40,0.80
2007.04.17 15:20:27.103,2.4257,2.4259,1.40,0.80
2007.04.17 15:20:29.097,2.4256,2.426,10.40,0.80
2007.04.17 15:20:29.315,2.4256,2.4261,6.40,4.80
2007.04.17 15:20:29.723,2.4256,2.4261,14.10,2.40
2007.04.17 15:20:31.077,2.4257,2.4261,1.40,2.40
2007.04.17 15:20:34.240,2.42575,2.4261,0.90,2.40
2007.04.17 15:20:34.531,2.42575,2.4261,0.60,6.40
2007.04.17 15:20:35.268,2.4257,2.4261,13.30,2.40
2007.04.17 15:20:35.563,2.4257,2.4261,13.30,2.40
2007.04.17 15:20:35.813,2.4258,2.4259,1.60,0.80
2007.04.17 15:20:37.052,2.4256,2.4259,1.30,0.80
2007.04.17 15:20:38.101,2.4255,2.4259,13.30,1.60
2007.04.17 15:20:40.389,2.4254,2.4259,20.40,1.60
2007.04.17 15:20:41.194,2.4254,2.4259,20.40,1.60
2007.04.17 15:20:42.722,2.42555,2.4259,1.50,1.60
2007.04.17 15:20:43.942,2.4254,2.4259,20.40,1.60
2007.04.17 15:20:45.925,2.4255,2.4258,9.30,0.80
2007.04.17 15:20:47.595,2.4255,2.4258,9.30,0.80
2007.04.17 15:20:47.845,2.4254,2.4258,20.40,0.80
2007.04.17 15:20:49.337,2.4255,2.4259,1.80,0.80
2007.04.17 15:20:49.965,2.4255,2.4259,17.10,0.80
2007.04.17 15:20:50.372,2.4257,2.426,1.20,4.00
2007.04.17 15:20:50.915,2.4256,2.426,11.10,1.60
2007.04.17 15:20:52.010,2.42555,2.4259,9.20,0.80
2007.04.17 15:20:52.229,2.4255,2.4259,13.30,0.80
2007.04.17 15:20:52.490,2.4256,2.4259,2.70,0.80
2007.04.17 15:20:52.720,2.42555,2.4259,13.20,0.80
2007.04.17 15:20:54.003,2.4256,2.426,11.10,1.60
2007.04.17 15:20:54.341,2.4256,2.426,11.10,4.00
2007.04.17 15:20:55.007,2.4256,2.426,11.10,1.60
2007.04.17 15:21:01.001,2.4257,2.426,0.80,0.80
2007.04.17 15:21:07.221,2.4257,2.4259,1.20,0.80
2007.04.17 15:21:07.467,2.4256,2.4259,2.40,1.60
2007.04.17 15:21:07.674,2.4254,2.4259,23.80,5.60
2007.04.17 15:21:09.239,2.42545,2.4257,4.50,0.80
2007.04.17 15:21:09.862,2.4254,2.4257,13.20,0.80
2007.04.17 15:21:11.294,2.4253,2.4257,24.10,0.80
2007.04.17 15:21:13.547,2.4255,2.4257,0.80,0.80
2007.04.17 15:21:13.860,2.4255,2.4258,2.40,4.00
2007.04.17 15:21:14.160,2.4255,2.4259,1.60,5.60
2007.04.17 15:21:14.501,2.4255,2.4259,2.40,5.60
2007.04.17 15:21:15.524,2.4255,2.4259,1.60,5.60
2007.04.17 15:21:17.817,2.4256,2.4258,1.60,0.80
2007.04.17 15:21:20.584,2.4256,2.4259,1.60,0.80
2007.04.17 15:21:22.128,2.4256,2.4258,1.60,0.80
2007.04.17 15:21:23.912,2.4256,2.4258,5.30,0.80
2007.04.17 15:21:24.140,2.4256,2.4259,9.30,0.80
2007.04.17 15:21:25.106,2.4256,2.4259,13.30,0.80
2007.04.17 15:21:25.340,2.4256,2.4258,5.60,0.80
2007.04.17 15:21:25.665,2.4255,2.4258,4.00,1.60
2007.04.17 15:21:26.052,2.4255,2.4258,3.70,1.60
2007.04.17 15:21:27.833,2.42555,2.4258,3.70,1.60
2007.04.17 15:21:28.844,2.4256,2.4258,1.60,0.80
2007.04.17 15:21:30.038,2.4256,2.4259,1.60,4.80
2007.04.17 15:21:31.637,2.42555,2.4259,5.30,4.80
2007.04.17 15:21:35.605,2.4256,2.4259,3.20,0.80
2007.04.17 15:21:36.002,2.4256,2.426,4.30,2.40
2007.04.17 15:21:40.458,2.4258,2.426,1.00,1.60
2007.04.17 15:21:41.141,2.4256,2.426,9.30,0.80
2007.04.17 15:21:42.499,2.42555,2.426,5.30,5.60
2007.04.17 15:21:43.107,2.4256,2.4259,0.90,0.80
2007.04.17 15:21:45.464,2.4255,2.4258,13.30,0.80
2007.04.17 15:21:45.968,2.4254,2.4258,10.10,4.80
2007.04.17 15:21:46.597,2.4255,2.4258,2.30,4.80
2007.04.17 15:21:47.340,2.4254,2.4258,10.10,4.80
2007.04.17 15:21:48.667,2.4254,2.4258,4.00,4.80
2007.04.17 15:21:53.485,2.4253,2.4258,21.80,6.40
2007.04.17 15:21:54.938,2.4253,2.4257,14.10,0.80
2007.04.17 15:21:55.156,2.4253,2.4257,10.10,4.80
2007.04.17 15:21:55.512,2.4253,2.4257,14.10,1.60
2007.04.17 15:21:58.546,2.4253,2.4257,14.10,1.60
2007.04.17 15:21:58.775,2.4252,2.4257,21.60,5.60
2007.04.17 15:21:59.126,2.4252,2.4257,21.60,4.80
2007.04.17 15:21:59.623,2.4254,2.4258,1.90,4.80
2007.04.17 15:21:59.858,2.4254,2.4256,5.60,0.80
2007.04.17 15:22:01.437,2.4254,2.4256,4.00,0.80
2007.04.17 15:22:01.757,2.4253,2.4256,2.40,0.80
2007.04.17 15:22:03.655,2.4253,2.4256,10.10,0.80
2007.04.17 15:22:03.921,2.4253,2.4257,10.10,5.60
2007.04.17 15:22:04.373,2.4254,2.4257,1.60,4.80
2007.04.17 15:22:04.709,2.4254,2.4257,5.60,0.80
2007.04.17 15:22:06.075,2.4254,2.4257,5.60,1.60
2007.04.17 15:22:06.957,2.4254,2.4257,4.00,2.40
2007.04.17 15:22:07.891,2.4253,2.4257,9.30,6.40
2007.04.17 15:22:11.172,2.4253,2.4257,5.30,6.40
2007.04.17 15:22:11.401,2.4253,2.4257,1.60,6.40
2007.04.17 15:22:11.733,2.4253,2.4257,7.10,6.40
2007.04.17 15:22:12.992,2.4254,2.4257,1.60,5.60
2007.04.17 15:22:13.378,2.4254,2.4257,1.60,1.60
2007.04.17 15:22:15.108,2.4254,2.4257,0.80,1.60
2007.04.17 15:22:17.639,2.4254,2.4255,0.80,0.80
2007.04.17 15:22:18.247,2.4254,2.4257,0.80,1.60
2007.04.17 15:22:19.951,2.4255,2.4256,4.00,0.80
2007.04.17 15:22:20.628,2.4255,2.4257,4.00,1.60
2007.04.17 15:22:22.397,2.4255,2.4257,4.00,0.80
2007.04.17 15:22:26.617,2.4255,2.4258,4.00,2.40
2007.04.17 15:22:31.885,2.4255,2.4257,4.00,0.80
2007.04.17 15:22:34.673,2.4254,2.4257,0.80,0.80
2007.04.17 15:22:35.591,2.4254,2.4256,0.80,0.80
2007.04.17 15:22:40.693,2.4254,2.4257,0.80,1.60
2007.04.17 15:22:45.604,2.4254,2.4257,0.80,0.80
2007.04.17 15:22:46.711,2.4254,2.4256,0.80,0.80
2007.04.17 15:22:56.791,2.4254,2.4257,0.80,0.80
2007.04.17 15:22:57.138,2.4253,2.4256,4.00,2.40
2007.04.17 15:22:57.520,2.42525,2.4256,3.70,2.40
2007.04.17 15:22:57.769,2.4252,2.4256,5.60,2.40
2007.04.17 15:22:59.487,2.4252,2.4256,4.80,3.20
2007.04.17 15:23:07.154,2.4252,2.4256,12.50,3.20
2007.04.17 15:23:08.169,2.4252,2.4256,11.70,4.00
2007.04.17 15:23:14.649,2.4253,2.4256,0.80,3.20
2007.04.17 15:23:15.766,2.4252,2.4256,12.50,3.20
2007.04.17 15:23:17.126,2.4253,2.4256,7.70,3.20
2007.04.17 15:23:22.626,2.4253,2.4257,7.70,13.50
2007.04.17 15:23:22.832,2.4253,2.4257,3.70,13.50
2007.04.17 15:23:23.108,2.4252,2.4257,14.90,13.50
2007.04.17 15:23:23.392,2.42525,2.4257,3.70,13.50
2007.04.17 15:23:24.656,2.42525,2.4257,3.70,12.70
2007.04.17 15:23:26.192,2.4253,2.4258,6.40,11.20
2007.04.17 15:23:26.512,2.4253,2.42575,6.40,2.40
2007.04.17 15:23:26.959,2.4253,2.4257,6.40,0.80
2007.04.17 15:23:27.984,2.4253,2.4257,10.40,0.80
2007.04.17 15:23:28.262,2.42535,2.4257,3.70,0.80
2007.04.17 15:23:30.968,2.4253,2.4257,14.10,0.80
2007.04.17 15:23:39.429,2.42535,2.4257,3.70,0.80
2007.04.17 15:23:42.648,2.42535,2.4257,3.70,9.50
2007.04.17 15:23:42.861,2.42535,2.4257,3.70,13.50
2007.04.17 15:23:43.069,2.4253,2.4257,7.70,13.50
2007.04.17 15:23:44.887,2.4253,2.4257,10.10,5.60
2007.04.17 15:23:45.709,2.4254,2.4257,4.00,1.60
2007.04.17 15:23:49.442,2.4254,2.4257,6.40,1.60
2007.04.17 15:23:49.683,2.4255,2.4257,6.40,1.60
2007.04.17 15:23:50.346,2.4254,2.4257,10.10,1.60
2007.04.17 15:23:50.719,2.4254,2.4257,6.40,1.60
2007.04.17 15:23:51.222,2.4255,2.4257,6.40,1.60
2007.04.17 15:23:53.741,2.4255,2.4257,4.00,1.60
2007.04.17 15:23:54.334,2.4255,2.4257,4.00,0.80
2007.04.17 15:23:56.584,2.4255,2.4257,4.00,1.60
2007.04.17 15:23:57.368,2.4255,2.4257,4.00,0.80
2007.04.17 15:24:00.711,2.4255,2.4257,6.40,0.80
2007.04.17 15:24:04.915,2.4255,2.4257,4.00,0.80
2007.04.17 15:24:07.131,2.4255,2.4258,4.00,4.00
2007.04.17 15:24:07.915,2.4255,2.4258,4.00,3.20
2007.04.17 15:24:19.377,2.4255,2.4257,11.70,0.80
2007.04.17 15:24:19.701,2.4255,2.4257,7.70,0.80
2007.04.17 15:24:20.059,2.4255,2.4257,4.00,0.80
2007.04.17 15:24:20.339,2.4255,2.4258,4.00,4.00
2007.04.17 15:24:20.503,2.4255,2.4259,4.00,15.50
2007.04.17 15:24:20.941,2.42535,2.4259,3.70,21.70
2007.04.17 15:24:23.092,2.4253,2.42585,14.10,10.40
2007.04.17 15:24:23.525,2.4253,2.42585,14.10,11.20
2007.04.17 15:24:25.471,2.42535,2.4259,3.70,22.50
2007.04.17 15:24:27.087,2.42535,2.4258,3.70,12.40
2007.04.17 15:24:27.335,2.42535,2.4258,3.70,18.60
2007.04.17 15:24:27.807,2.4253,2.4257,4.00,0.80
2007.04.17 15:24:29.031,2.4253,2.4256,4.00,7.80
2007.04.17 15:24:29.467,2.4253,2.4256,4.00,11.00
2007.04.17 15:24:29.877,2.4252,2.4256,1.60,15.00
2007.04.17 15:24:30.163,2.4252,2.4256,1.60,0.90
2007.04.17 15:24:30.509,2.4252,2.42555,1.60,0.70
2007.04.17 15:24:31.477,2.4252,2.42555,0.80,0.90
2007.04.17 15:24:32.487,2.4252,2.4255,0.80,3.20
2007.04.17 15:24:33.929,2.4251,2.4254,4.80,0.90
2007.04.17 15:24:34.675,2.4251,2.4254,4.80,0.80
2007.04.17 15:24:35.099,2.4251,2.4255,4.80,0.70
2007.04.17 15:24:35.330,2.4251,2.4253,4.80,0.80
2007.04.17 15:24:36.420,2.4251,2.4254,4.80,0.80
2007.04.17 15:24:37.952,2.4251,2.4254,4.80,0.90
2007.04.17 15:24:38.274,2.4251,2.4255,4.80,6.80
2007.04.17 15:24:40.777,2.4251,2.4255,4.80,0.50
2007.04.17 15:24:41.067,2.4252,2.4256,0.80,10.80
2007.04.17 15:24:41.320,2.4252,2.4256,0.80,10.80
2007.04.17 15:24:41.595,2.4252,2.4255,0.80,0.50
2007.04.17 15:24:42.134,2.4252,2.4254,0.80,0.80
2007.04.17 15:24:55.878,2.4253,2.4254,0.80,0.80
2007.04.17 15:24:56.380,2.4252,2.4254,0.80,0.80
2007.04.17 15:24:57.899,2.4251,2.4254,0.80,0.80
2007.04.17 15:24:58.624,2.4251,2.4253,0.80,0.80
2007.04.17 15:24:59.368,2.425,2.4253,4.80,0.80
2007.04.17 15:24:59.753,2.425,2.4253,5.60,0.80
2007.04.17 15:25:01.919,2.4252,2.4253,4.00,0.80
2007.04.17 15:25:04.268,2.4253,2.4254,4.00,2.80
2007.04.17 15:25:04.563,2.4253,2.4254,4.00,1.60
2007.04.17 15:25:04.795,2.4252,2.4254,4.00,1.60
2007.04.17 15:25:05.078,2.4252,2.4254,4.00,0.80
2007.04.17 15:25:05.689,2.4253,2.4254,4.00,0.80
2007.04.17 15:25:06.403,2.4253,2.4255,8.00,2.80
2007.04.17 15:25:06.609,2.4253,2.4255,8.00,0.80
2007.04.17 15:25:06.894,2.4253,2.4256,8.00,3.20
2007.04.17 15:25:07.540,2.4253,2.4256,8.00,0.80
2007.04.17 15:25:08.024,2.4253,2.42565,8.00,3.20
2007.04.17 15:25:08.316,2.4253,2.4256,4.00,0.80
2007.04.17 15:25:11.058,2.4253,2.4257,4.00,6.40
2007.04.17 15:25:11.509,2.4252,2.4257,17.20,10.40
2007.04.17 15:25:11.927,2.4253,2.4257,4.00,8.00
2007.04.17 15:25:12.289,2.4252,2.4257,17.20,10.40
2007.04.17 15:25:12.874,2.4253,2.4255,4.00,0.80
2007.04.17 15:25:13.458,2.4252,2.4255,13.50,0.80
2007.04.17 15:25:16.904,2.4252,2.4254,13.50,0.80
2007.04.17 15:25:17.859,2.4252,2.4255,13.50,0.80
2007.04.17 15:25:19.778,2.4252,2.4255,4.00,0.80
2007.04.17 15:25:19.983,2.4251,2.4255,8.00,0.80
2007.04.17 15:25:20.507,2.4252,2.4255,4.00,0.80
2007.04.17 15:25:20.723,2.4251,2.4255,4.00,4.80
2007.04.17 15:25:20.965,2.4251,2.4255,4.00,7.20
2007.04.17 15:25:22.463,2.4252,2.4255,9.50,7.20
2007.04.17 15:25:22.715,2.4252,2.4255,9.50,5.60
2007.04.17 15:25:22.955,2.4252,2.4255,4.00,1.60
2007.04.17 15:25:23.209,2.4252,2.4255,4.00,4.00
2007.04.17 15:25:23.673,2.4251,2.4255,4.00,8.00
2007.04.17 15:25:31.142,2.4251,2.4255,4.00,5.60
2007.04.17 15:25:34.268,2.4251,2.4255,9.60,5.60
2007.04.17 15:25:34.495,2.4251,2.4255,11.70,5.60
2007.04.17 15:25:34.826,2.4251,2.4255,11.70,4.80
2007.04.17 15:25:35.713,2.4251,2.4255,4.00,4.80
2007.04.17 15:25:37.560,2.4251,2.4255,4.00,7.20
2007.04.17 15:26:00.916,2.425,2.4255,8.00,9.60
2007.04.17 15:26:02.932,2.425,2.4255,8.00,11.20
2007.04.17 15:26:03.617,2.425,2.42535,8.00,2.40
2007.04.17 15:26:03.998,2.4251,2.42535,4.00,2.40
2007.04.17 15:26:04.477,2.4251,2.42535,8.00,2.40
2007.04.17 15:26:05.258,2.4251,2.4253,8.00,0.80
2007.04.17 15:26:07.265,2.4253,2.4254,4.00,0.80
2007.04.17 15:26:07.477,2.4253,2.4254,0.50,0.80
2007.04.17 15:26:07.533,2.4253,2.4254,3.00,0.80
2007.04.17 15:26:09.522,2.4253,2.4257,14.30,4.80
2007.04.17 15:26:14.990,2.4253,2.4254,14.30,0.80
2007.04.17 15:26:15.941,2.4253,2.4255,14.30,1.60
2007.04.17 15:26:19.926,2.4252,2.4255,11.00,0.80
2007.04.17 15:26:20.953,2.4252,2.4255,8.00,0.80
2007.04.17 15:26:21.298,2.4252,2.4256,8.00,0.80
2007.04.17 15:26:21.883,2.4251,2.4256,22.80,0.80
2007.04.17 15:26:22.390,2.4251,2.4255,18.00,2.40
2007.04.17 15:26:22.615,2.4251,2.4255,10.50,6.40
2007.04.17 15:26:22.851,2.4252,2.4255,12.50,4.80
2007.04.17 15:26:23.193,2.42525,2.4254,1.00,4.00
2007.04.17 15:26:23.955,2.4252,2.4256,16.50,0.80
2007.04.17 15:26:24.618,2.4252,2.4256,0.60,0.80
2007.04.17 15:26:25.129,2.42515,2.4256,16.50,0.80
2007.04.17 15:26:26.364,2.4252,2.4256,0.50,0.80
2007.04.17 15:26:27.790,2.4252,2.4256,3.70,0.80
2007.04.17 15:26:31.280,2.4252,2.4256,2.60,0.80
2007.04.17 15:26:34.522,2.4252,2.4255,0.90,0.80
2007.04.17 15:26:34.772,2.4252,2.4255,1.70,4.80
2007.04.17 15:26:35.127,2.4251,2.4255,14.30,7.20
2007.04.17 15:26:35.617,2.4252,2.4255,2.20,4.80
2007.04.17 15:26:35.849,2.4252,2.4255,1.50,0.80
2007.04.17 15:26:36.231,2.4251,2.4255,18.30,1.60
2007.04.17 15:26:43.193,2.4252,2.4255,10.20,1.60
2007.04.17 15:26:50.434,2.4252,2.4255,10.20,0.80
2007.04.17 15:26:57.081,2.4252,2.4256,10.20,4.00
2007.04.17 15:27:03.824,2.4252,2.4256,4.80,4.80
2007.04.17 15:27:15.560,2.4252,2.4256,8.80,4.80
2007.04.17 15:27:15.900,2.4254,2.4256,0.80,1.60
2007.04.17 15:27:16.182,2.4254,2.4256,4.80,1.60
2007.04.17 15:27:19.339,2.4254,2.4255,4.80,0.80
2007.04.17 15:27:23.080,2.4254,2.4256,4.80,4.00
2007.04.17 15:27:23.735,2.4254,2.4256,4.00,4.40
2007.04.17 15:27:24.032,2.4254,2.4255,4.00,0.80
2007.04.17 15:27:24.355,2.4254,2.4256,4.00,4.00
2007.04.17 15:27:24.738,2.4252,2.4255,4.80,0.80
2007.04.17 15:27:25.376,2.4252,2.4256,4.80,4.00
2007.04.17 15:27:26.094,2.4252,2.4255,4.80,0.80
2007.04.17 15:27:26.464,2.4252,2.4255,4.80,1.60
2007.04.17 15:27:27.483,2.4252,2.4255,4.00,4.00
2007.04.17 15:27:27.934,2.4252,2.4255,0.80,7.20
2007.04.17 15:27:28.163,2.4252,2.4255,0.80,4.80
2007.04.17 15:27:28.368,2.425,2.4254,21.20,1.60
2007.04.17 15:27:28.712,2.425,2.4254,8.80,4.00
2007.04.17 15:27:28.976,2.425,2.4254,5.60,4.00
2007.04.17 15:27:31.053,2.4251,2.4254,0.80,1.60
2007.04.17 15:27:31.396,2.4252,2.4254,0.80,0.80
2007.04.17 15:27:31.866,2.4252,2.4254,4.80,0.80
2007.04.17 15:27:32.800,2.4251,2.4254,0.80,0.80
2007.04.17 15:27:33.153,2.4252,2.4254,0.80,0.80
2007.04.17 15:27:34.405,2.4251,2.4254,8.50,1.60
2007.04.17 15:27:35.225,2.4253,2.4254,0.80,0.80
2007.04.17 15:27:35.436,2.4253,2.4254,1.60,0.80
2007.04.17 15:27:36.172,2.4252,2.4254,3.60,0.80
2007.04.17 15:27:36.958,2.4252,2.4255,3.60,7.20
2007.04.17 15:27:37.363,2.4252,2.4255,0.80,7.20
2007.04.17 15:27:37.985,2.4252,2.4255,0.80,4.80
2007.04.17 15:27:38.950,2.4251,2.4255,5.60,0.80
2007.04.17 15:27:43.462,2.4252,2.4256,2.20,1.60
2007.04.17 15:27:48.192,2.4252,2.4256,4.70,1.60
2007.04.17 15:27:48.542,2.4252,2.4256,1.50,1.60
2007.04.17 15:27:52.579,2.4251,2.4256,12.50,4.00
2007.04.17 15:27:56.560,2.4252,2.4256,2.60,1.60
2007.04.17 15:27:57.892,2.42515,2.4256,8.50,7.10
2007.04.17 15:28:00.400,2.425,2.4255,13.30,4.00
2007.04.17 15:28:03.446,2.4252,2.42545,0.80,2.40
2007.04.17 15:28:03.755,2.4252,2.4255,0.80,7.20
2007.04.17 15:28:04.057,2.425,2.4254,8.50,0.80
2007.04.17 15:28:07.935,2.42495,2.4254,8.50,1.60
2007.04.17 15:28:08.138,2.425,2.4254,1.70,4.00
2007.04.17 15:28:08.371,2.4252,2.4254,0.80,3.20
2007.04.17 15:28:08.615,2.425,2.4254,9.60,0.80
2007.04.17 15:28:13.563,2.425,2.4255,13.30,4.80
2007.04.17 15:28:15.781,2.4252,2.4255,0.90,4.80
2007.04.17 15:28:17.896,2.4252,2.4255,1.00,7.20
2007.04.17 15:28:18.113,2.425,2.4255,4.20,7.20
2007.04.17 15:28:18.449,2.425,2.4255,10.40,7.20
2007.04.17 15:28:18.763,2.425,2.4255,14.10,4.80
2007.04.17 15:28:20.953,2.42505,2.4255,5.30,4.80
2007.04.17 15:28:21.797,2.4253,2.4255,0.50,0.80
2007.04.17 15:28:23.910,2.4252,2.4255,1.80,0.80
2007.04.17 15:28:24.422,2.4252,2.4255,5.60,0.80
2007.04.17 15:28:26.675,2.4252,2.4255,2.20,0.80
2007.04.17 15:28:28.117,2.425,2.4255,7.80,3.20
2007.04.17 15:28:28.919,2.425,2.4255,7.80,5.60
2007.04.17 15:28:29.852,2.42495,2.4255,9.30,9.60
2007.04.17 15:28:31.314,2.425,2.4254,0.80,0.80
2007.04.17 15:28:31.854,2.425,2.4255,1.30,9.60
2007.04.17 15:28:33.372,2.42495,2.4255,10.10,9.60
2007.04.17 15:28:34.745,2.4249,2.42545,25.50,2.40
2007.04.17 15:28:35.551,2.425,2.42545,6.40,2.40
2007.04.17 15:28:36.036,2.425,2.42545,2.60,2.40
2007.04.17 15:28:36.346,2.425,2.42545,6.40,2.40
2007.04.17 15:28:36.745,2.4249,2.42545,21.10,2.40
2007.04.17 15:28:37.113,2.4249,2.4254,21.10,0.80
2007.04.17 15:28:38.428,2.425,2.4254,5.60,0.80
2007.04.17 15:28:38.633,2.4248,2.4254,23.40,0.80
2007.04.17 15:28:38.838,2.4248,2.4252,25.00,0.80
2007.04.17 15:28:39.078,2.425,2.4252,5.60,0.80
2007.04.17 15:28:39.688,2.4249,2.4252,23.50,0.80
2007.04.17 15:28:40.163,2.425,2.4252,12.70,0.80
2007.04.17 15:28:40.419,2.4251,2.4253,2.30,0.80
2007.04.17 15:28:42.178,2.425,2.4253,5.60,0.80
2007.04.17 15:28:42.435,2.4249,2.4254,23.50,1.60
2007.04.17 15:28:42.739,2.425,2.4254,5.60,1.60
2007.04.17 15:28:42.981,2.4251,2.42535,0.90,2.40
2007.04.17 15:28:43.206,2.4251,2.4254,1.10,0.80
2007.04.17 15:28:45.893,2.42495,2.4254,15.60,0.80
2007.04.17 15:28:46.200,2.42495,2.4255,15.60,8.00
2007.04.17 15:28:46.827,2.4252,2.4255,5.60,4.00
2007.04.17 15:28:47.436,2.4252,2.42545,5.60,2.40
2007.04.17 15:28:48.320,2.4253,2.42545,0.70,0.80
2007.04.17 15:28:48.873,2.425,2.42545,0.80,0.80
2007.04.17 15:28:49.095,2.425,2.4254,0.50,0.80
2007.04.17 15:28:49.302,2.4253,2.4254,0.70,0.80
2007.04.17 15:28:50.856,2.4253,2.4255,5.60,1.60
2007.04.17 15:28:51.222,2.4253,2.4255,4.00,1.60
2007.04.17 15:28:51.444,2.4252,2.4255,5.60,1.60
2007.04.17 15:28:51.755,2.4253,2.4255,5.60,1.60
2007.04.17 15:28:51.982,2.425,2.4255,18.70,1.60
2007.04.17 15:28:52.255,2.425,2.4255,18.70,0.80
2007.04.17 15:28:53.149,2.425,2.4255,14.90,3.20
2007.04.17 15:28:53.388,2.425,2.4255,14.90,4.00
2007.04.17 15:28:53.921,2.4253,2.4255,5.60,1.60
2007.04.17 15:28:54.230,2.4252,2.4255,5.60,1.60
2007.04.17 15:28:54.674,2.4252,2.4255,5.60,4.00
2007.04.17 15:28:55.007,2.4252,2.4255,5.60,3.20
2007.04.17 15:28:56.891,2.4252,2.4255,4.00,5.60
2007.04.17 15:28:57.385,2.4252,2.4255,4.00,6.40
2007.04.17 15:28:57.713,2.425,2.4255,6.40,10.40
2007.04.17 15:28:59.396,2.425,2.4255,5.60,10.40
2007.04.17 15:29:00.822,2.425,2.42545,5.60,2.40
2007.04.17 15:29:02.428,2.425,2.4255,5.60,10.40
2007.04.17 15:29:03.745,2.4251,2.4255,1.60,8.00
2007.04.17 15:29:05.568,2.4251,2.4254,1.60,0.80
2007.04.17 15:29:08.120,2.4251,2.4255,1.60,5.60
2007.04.17 15:29:09.947,2.4251,2.4254,1.60,0.80
2007.04.17 15:29:10.348,2.4251,2.4254,5.60,0.80
2007.04.17 15:29:10.783,2.42515,2.4254,3.70,0.80
2007.04.17 15:29:11.192,2.4251,2.4255,5.60,1.60
2007.04.17 15:29:11.675,2.4251,2.4255,13.30,1.60
2007.04.17 15:29:12.495,2.4251,2.4255,5.60,1.60
2007.04.17 15:29:12.723,2.4251,2.4255,5.60,0.80
2007.04.17 15:29:13.422,2.4251,2.4255,9.60,0.80
2007.04.17 15:29:13.865,2.42515,2.4255,3.70,0.80
2007.04.17 15:29:14.117,2.4251,2.4255,5.60,0.80
2007.04.17 15:29:14.529,2.4251,2.4255,1.60,4.80
2007.04.17 15:29:14.995,2.4251,2.4254,1.60,0.80
2007.04.17 15:29:16.920,2.4251,2.4254,5.60,0.80
2007.04.17 15:29:17.921,2.42505,2.4254,3.70,0.80
2007.04.17 15:29:18.152,2.425,2.4254,13.30,0.80
2007.04.17 15:29:18.389,2.425,2.4255,13.30,8.00
2007.04.17 15:29:21.979,2.425,2.4254,13.30,0.80
2007.04.17 15:29:28.307,2.4251,2.4254,1.60,0.80
2007.04.17 15:29:28.538,2.4251,2.4254,5.60,0.80
2007.04.17 15:29:29.273,2.4251,2.4255,6.40,1.60
2007.04.17 15:29:32.051,2.4251,2.4255,2.40,5.60
2007.04.17 15:29:35.530,2.4251,2.4255,6.40,1.60
2007.04.17 15:29:37.525,2.4251,2.4255,6.40,0.70
2007.04.17 15:29:38.410,2.4251,2.4256,6.40,11.60
2007.04.17 15:29:39.161,2.42515,2.4255,3.70,0.80
2007.04.17 15:29:43.324,2.4251,2.4256,10.40,10.40
2007.04.17 15:29:43.676,2.42515,2.4256,3.70,8.00
2007.04.17 15:29:44.287,2.4252,2.4256,0.80,8.00
2007.04.17 15:29:53.448,2.4252,2.4255,0.80,1.60
2007.04.17 15:29:55.964,2.4253,2.4254,2.40,0.80
2007.04.17 15:29:57.749,2.4253,2.4254,6.40,0.80
2007.04.17 15:30:00.213,2.4253,2.4255,4.00,1.60
2007.04.17 15:30:00.419,2.4252,2.4254,10.40,0.80
2007.04.17 15:30:00.666,2.4252,2.4255,14.10,1.60
2007.04.17 15:30:01.212,2.4252,2.4255,6.40,1.60
2007.04.17 15:30:06.028,2.4253,2.4254,5.60,0.80
2007.04.17 15:30:09.501,2.4253,2.4254,1.60,0.80
2007.04.17 15:30:10.836,2.4252,2.4254,6.40,0.80
2007.04.17 15:30:11.680,2.4254,2.4255,4.00,4.00
2007.04.17 15:30:12.257,2.4253,2.4254,4.00,0.80
2007.04.17 15:30:13.261,2.4253,2.4254,8.00,0.80
2007.04.17 15:30:13.496,2.4253,2.4254,11.70,0.80
2007.04.17 15:30:14.999,2.4253,2.4257,4.00,4.00
2007.04.17 15:30:15.722,2.4254,2.4257,4.00,4.00
2007.04.17 15:30:16.227,2.4254,2.4257,4.00,1.60
2007.04.17 15:30:32.180,2.4254,2.4257,4.00,4.00
2007.04.17 15:30:33.778,2.4254,2.4257,4.80,1.60
2007.04.17 15:30:34.199,2.4254,2.4257,4.80,4.00
2007.04.17 15:30:35.164,2.4254,2.4257,0.80,4.00
2007.04.17 15:30:36.808,2.4254,2.4257,0.80,5.60
2007.04.17 15:30:37.856,2.4254,2.4256,0.80,0.80
2007.04.17 15:30:48.817,2.4254,2.4257,0.80,7.20
2007.04.17 15:30:49.180,2.4253,2.4257,1.60,7.20
2007.04.17 15:30:49.963,2.4254,2.4257,0.80,4.80
2007.04.17 15:30:51.604,2.4254,2.4257,0.80,7.20
2007.04.17 15:30:54.402,2.4253,2.4257,1.60,8.00
2007.04.17 15:30:57.215,2.4255,2.4257,0.50,1.60
2007.04.17 15:30:57.725,2.4254,2.4257,8.00,1.60
2007.04.17 15:30:58.957,2.4254,2.4257,8.00,0.80
2007.04.17 15:30:59.549,2.4255,2.4257,3.00,1.60
2007.04.17 15:31:03.913,2.4254,2.4257,6.40,0.80
2007.04.17 15:31:06.785,2.4254,2.4258,7.20,1.60
2007.04.17 15:31:09.399,2.4253,2.4258,17.30,1.60
2007.04.17 15:31:09.821,2.4252,2.4258,17.10,5.60
2007.04.17 15:31:10.638,2.4253,2.42575,1.10,2.40
2007.04.17 15:31:11.068,2.4253,2.42575,5.60,2.40
2007.04.17 15:31:11.294,2.4254,2.42575,1.60,2.40
2007.04.17 15:31:11.973,2.4254,2.42575,1.10,2.40
2007.04.17 15:31:12.904,2.4253,2.4257,11.20,0.80
2007.04.17 15:31:13.218,2.4253,2.4257,14.90,0.80
2007.04.17 15:31:13.500,2.4253,2.4257,14.90,0.80
2007.04.17 15:31:14.434,2.4254,2.4257,1.40,0.80
2007.04.17 15:31:16.915,2.4254,2.4256,5.60,0.80
2007.04.17 15:31:29.180,2.4254,2.4257,5.60,0.80
2007.04.17 15:31:30.219,2.4256,2.4257,1.60,0.80
2007.04.17 15:31:30.436,2.4254,2.4257,13.30,0.80
2007.04.17 15:31:30.715,2.4254,2.4258,13.30,0.80
2007.04.17 15:31:30.925,2.4254,2.4258,5.60,0.80
2007.04.17 15:31:32.037,2.4256,2.4258,1.60,0.80
2007.04.17 15:31:32.280,2.4256,2.4259,1.60,7.20
2007.04.17 15:31:32.576,2.4256,2.4259,1.60,4.80
2007.04.17 15:31:36.285,2.4256,2.4259,1.60,0.80
2007.04.17 15:31:36.424,2.4256,2.426,1.60,5.60
2007.04.17 15:31:36.522,2.4256,2.4261,1.60,13.80
2007.04.17 15:31:37.547,2.4255,2.4259,3.70,0.90
2007.04.17 15:31:37.909,2.42545,2.4259,3.70,0.60
2007.04.17 15:31:39.910,2.4254,2.4259,13.30,0.70
2007.04.17 15:31:40.576,2.4256,2.4259,1.60,0.60
2007.04.17 15:31:40.913,2.4256,2.426,5.60,5.60
2007.04.17 15:31:42.885,2.4256,2.4261,5.60,10.00
2007.04.17 15:31:43.405,2.4256,2.426,5.60,3.60
2007.04.17 15:31:43.722,2.4256,2.426,5.60,3.60
2007.04.17 15:31:44.171,2.4257,2.4258,4.00,0.80
2007.04.17 15:31:46.186,2.4256,2.426,5.60,3.60
2007.04.17 15:31:49.540,2.4258,2.426,1.60,2.80
2007.04.17 15:31:50.891,2.4257,2.426,4.00,3.60
2007.04.17 15:31:51.182,2.4257,2.4261,4.00,3.60
2007.04.17 15:31:54.829,2.4257,2.426,4.00,0.80
2007.04.17 15:31:57.381,2.4258,2.4261,4.00,3.60
2007.04.17 15:31:59.879,2.4258,2.426,5.60,0.80
2007.04.17 15:32:01.772,2.4258,2.4261,1.60,3.60
2007.04.17 15:32:06.732,2.4258,2.4261,1.60,0.80
2007.04.17 15:32:14.054,2.4258,2.4261,1.60,2.40
2007.04.17 15:32:15.102,2.4258,2.42615,1.60,2.40
2007.04.17 15:32:15.586,2.4258,2.4261,1.60,0.80
2007.04.17 15:32:19.442,2.4258,2.4261,1.60,3.20
2007.04.17 15:32:23.927,2.4257,2.4261,4.00,4.80
2007.04.17 15:32:24.174,2.4257,2.4261,4.00,3.20
2007.04.17 15:32:24.459,2.4257,2.4261,4.00,4.80
2007.04.17 15:32:24.664,2.4257,2.4261,4.00,2.40
2007.04.17 15:32:25.080,2.4257,2.42595,4.00,2.40
2007.04.17 15:32:25.480,2.4256,2.42595,1.60,2.40
2007.04.17 15:32:28.587,2.4256,2.426,1.60,7.20
2007.04.17 15:32:29.014,2.4256,2.4259,1.60,0.80
2007.04.17 15:32:31.540,2.4256,2.4259,1.60,3.20
2007.04.17 15:32:31.896,2.4256,2.4258,1.60,0.80
2007.04.17 15:32:34.449,2.4255,2.4258,4.00,0.80
2007.04.17 15:32:34.930,2.4255,2.4259,4.00,3.20
2007.04.17 15:32:35.664,2.4255,2.4259,4.00,4.80
2007.04.17 15:32:35.959,2.4254,2.4258,1.60,4.00
2007.04.17 15:32:38.288,2.42545,2.4258,3.70,4.00
2007.04.17 15:32:39.215,2.4254,2.4258,1.60,4.00
2007.04.17 15:32:40.673,2.4254,2.4257,1.60,2.40
2007.04.17 15:32:41.134,2.4254,2.4257,5.60,2.40
2007.04.17 15:32:41.870,2.4254,2.4258,5.60,0.80
2007.04.17 15:32:42.123,2.4254,2.4257,5.60,0.80
2007.04.17 15:32:43.781,2.4254,2.4257,6.40,0.80
2007.04.17 15:32:44.885,2.4255,2.4257,0.80,0.80
2007.04.17 15:32:47.880,2.4255,2.4259,0.80,8.00
2007.04.17 15:32:48.305,2.4255,2.4258,0.80,0.80
2007.04.17 15:32:48.756,2.4255,2.4257,0.80,4.00
2007.04.17 15:32:53.151,2.4255,2.4258,0.80,0.80
2007.04.17 15:32:55.408,2.4254,2.4258,10.10,0.80
2007.04.17 15:32:55.758,2.4254,2.4257,1.60,0.80
2007.04.17 15:32:56.861,2.4253,2.4257,12.50,0.80
2007.04.17 15:32:57.243,2.4253,2.4258,13.30,1.60
2007.04.17 15:32:57.677,2.4256,2.4258,1.60,1.60
2007.04.17 15:32:58.900,2.4254,2.4258,1.60,1.60
2007.04.17 15:33:00.848,2.4254,2.4258,6.40,0.80
2007.04.17 15:33:01.074,2.4255,2.4258,0.80,0.80
2007.04.17 15:33:01.304,2.4255,2.4259,0.80,0.80
2007.04.17 15:33:05.142,2.4255,2.4259,2.40,4.80
2007.04.17 15:33:05.380,2.4255,2.4259,6.10,4.80
2007.04.17 15:33:05.795,2.4255,2.4259,10.10,4.80
2007.04.17 15:33:08.124,2.4256,2.4259,1.60,4.80
2007.04.17 15:33:08.350,2.4256,2.426,5.60,1.60
2007.04.17 15:33:08.569,2.4256,2.426,13.30,1.60
2007.04.17 15:33:08.887,2.4256,2.426,9.30,1.60
2007.04.17 15:33:09.338,2.4256,2.426,5.60,1.60
2007.04.17 15:33:12.394,2.4256,2.426,5.60,4.00
2007.04.17 15:33:14.088,2.4256,2.4259,6.40,1.60
2007.04.17 15:33:14.300,2.4256,2.4258,1.60,0.80
2007.04.17 15:33:15.674,2.4256,2.4259,1.60,4.80
2007.04.17 15:33:15.879,2.4256,2.4259,2.40,4.80
2007.04.17 15:33:16.867,2.4256,2.4259,2.40,0.80
2007.04.17 15:33:17.572,2.4256,2.4259,6.40,0.80
2007.04.17 15:33:22.485,2.4256,2.426,2.40,8.00
2007.04.17 15:33:22.842,2.4256,2.4259,2.40,0.60
2007.04.17 15:33:24.148,2.4256,2.426,2.40,8.00
2007.04.17 15:33:24.915,2.4256,2.4259,6.40,0.80
2007.04.17 15:33:25.839,2.4256,2.42595,8.60,3.20
2007.04.17 15:33:26.462,2.4256,2.42595,6.40,3.20
2007.04.17 15:33:27.258,2.4257,2.42595,2.40,3.20
2007.04.17 15:33:27.500,2.4257,2.42595,6.40,3.20
2007.04.17 15:33:29.423,2.4258,2.426,2.40,1.60
2007.04.17 15:33:29.630,2.4259,2.426,4.00,1.60
2007.04.17 15:33:29.853,2.4259,2.42605,4.00,4.00
2007.04.17 15:33:32.790,2.4259,2.42605,4.00,3.20
2007.04.17 15:33:34.943,2.4256,2.426,4.00,0.80
2007.04.17 15:33:36.562,2.4256,2.426,4.00,0.70
2007.04.17 15:33:38.226,2.4256,2.42605,4.00,8.80
2007.04.17 15:33:38.930,2.4256,2.42605,4.00,12.00
2007.04.17 15:33:39.224,2.4255,2.42605,7.70,14.20
2007.04.17 15:33:39.529,2.4255,2.426,4.00,14.20
2007.04.17 15:33:39.907,2.4254,2.4258,6.40,0.60
2007.04.17 15:33:40.321,2.4254,2.4258,4.00,0.60
2007.04.17 15:33:40.525,2.4254,2.4259,4.00,8.80
2007.04.17 15:33:42.337,2.4255,2.4258,2.40,4.80
2007.04.17 15:33:42.880,2.4255,2.4259,4.00,15.90
2007.04.17 15:33:43.164,2.4255,2.4259,4.00,18.10
2007.04.17 15:33:43.723,2.4255,2.4258,4.00,7.80
2007.04.17 15:33:44.543,2.4254,2.4258,4.00,7.00
2007.04.17 15:33:45.164,2.42535,2.4258,3.70,7.00
2007.04.17 15:33:46.017,2.4255,2.4258,2.40,4.80
2007.04.17 15:33:46.729,2.4255,2.42585,2.40,2.40
2007.04.17 15:33:47.583,2.4255,2.4259,2.40,9.40
2007.04.17 15:33:48.183,2.4254,2.4259,11.70,9.40
2007.04.17 15:33:48.731,2.4254,2.4257,7.70,4.00
2007.04.17 15:33:49.498,2.4254,2.4257,3.70,4.00
2007.04.17 15:33:49.786,2.42535,2.4257,3.70,4.00
2007.04.17 15:33:54.479,2.4253,2.4257,9.20,4.00
2007.04.17 15:33:56.994,2.42535,2.4257,3.70,4.00
2007.04.17 15:33:57.417,2.4254,2.4258,7.70,4.80
2007.04.17 15:33:57.710,2.4255,2.4258,4.00,0.80
2007.04.17 15:34:01.379,2.42545,2.4259,3.70,7.20
2007.04.17 15:34:01.600,2.4254,2.4259,11.70,7.20
2007.04.17 15:34:01.883,2.4254,2.4259,11.70,9.40
2007.04.17 15:34:03.335,2.4254,2.42595,11.70,11.80
2007.04.17 15:34:05.410,2.4254,2.42595,7.70,18.10
2007.04.17 15:34:05.691,2.42535,2.42585,3.70,6.40
2007.04.17 15:34:12.278,2.4253,2.4257,9.20,0.80
2007.04.17 15:34:12.934,2.4253,2.4257,2.40,0.80
2007.04.17 15:34:21.112,2.4253,2.4257,2.40,0.60
2007.04.17 15:34:40.993,2.4253,2.4257,2.40,7.20
2007.04.17 15:34:41.917,2.4253,2.4255,2.40,0.80
2007.04.17 15:34:43.728,2.4253,2.4256,2.40,0.80
2007.04.17 15:34:43.946,2.4252,2.4256,6.40,1.60
2007.04.17 15:34:44.271,2.4252,2.4255,2.40,4.00
2007.04.17 15:34:49.013,2.4252,2.4255,2.40,4.80
2007.04.17 15:34:55.348,2.4252,2.4255,2.40,5.60
2007.04.17 15:34:57.883,2.4251,2.4255,7.70,5.60
2007.04.17 15:34:58.101,2.4251,2.4255,7.70,7.80
2007.04.17 15:34:58.591,2.4251,2.4255,7.70,5.60
2007.04.17 15:34:58.902,2.4251,2.4253,7.70,4.00
2007.04.17 15:34:59.188,2.4251,2.4253,3.70,4.00
2007.04.17 15:34:59.400,2.425,2.4253,3.20,4.00
2007.04.17 15:34:59.610,2.425,2.4253,0.80,4.00
2007.04.17 15:34:59.874,2.42495,2.4253,3.70,4.00
2007.04.17 15:35:01.129,2.4249,2.4253,7.70,4.00
2007.04.17 15:35:01.642,2.4249,2.4253,7.70,4.80
2007.04.17 15:35:02.252,2.42485,2.4253,3.70,4.80
2007.04.17 15:35:07.750,2.4248,2.4253,14.10,4.80
2007.04.17 15:35:09.499,2.425,2.4253,2.40,4.80
2007.04.17 15:35:11.028,2.425,2.4253,2.40,5.60
2007.04.17 15:35:12.357,2.425,2.4253,2.40,4.80
2007.04.17 15:35:16.310,2.425,2.4253,4.00,0.80
2007.04.17 15:35:16.574,2.4248,2.4253,16.40,4.80
2007.04.17 15:35:16.918,2.4248,2.4252,12.40,0.80
2007.04.17 15:35:17.137,2.4248,2.4252,6.40,0.80
2007.04.17 15:35:17.722,2.4248,2.4251,2.40,4.00
2007.04.17 15:35:17.995,2.4248,2.4251,6.40,4.00
2007.04.17 15:35:18.340,2.4248,2.4251,10.10,4.00
2007.04.17 15:35:19.518,2.4248,2.4251,2.40,4.00
2007.04.17 15:35:26.439,2.4248,2.4251,2.40,4.80
2007.04.17 15:35:28.161,2.4248,2.4251,2.40,5.60
2007.04.17 15:35:30.578,2.4248,2.4251,1.60,5.60
2007.04.17 15:35:37.498,2.4246,2.4251,16.40,5.60
2007.04.17 15:35:37.925,2.4248,2.4251,4.00,1.60
2007.04.17 15:35:38.598,2.4248,2.42505,4.00,2.40
2007.04.17 15:35:39.064,2.4248,2.4251,4.00,1.60
2007.04.17 15:35:41.178,2.4248,2.4251,4.00,0.80
2007.04.17 15:35:41.691,2.4247,2.4251,7.70,4.80
2007.04.17 15:35:42.573,2.42475,2.4251,3.70,5.60
2007.04.17 15:35:43.147,2.4246,2.4251,14.10,5.60
2007.04.17 15:35:44.484,2.4246,2.4251,16.10,5.60
2007.04.17 15:35:44.785,2.4247,2.4251,4.00,5.60
2007.04.17 15:35:44.993,2.4248,2.4251,1.60,5.60
2007.04.17 15:35:45.378,2.4247,2.4251,7.70,5.60
2007.04.17 15:35:45.817,2.4248,2.4251,1.60,5.60
2007.04.17 15:35:46.054,2.4248,2.4251,1.60,4.80
2007.04.17 15:35:47.077,2.4248,2.4251,5.60,0.80
2007.04.17 15:36:04.932,2.4248,2.4252,5.60,1.60
2007.04.17 15:36:14.390,2.4248,2.4252,5.60,0.80
2007.04.17 15:36:16.038,2.4248,2.4252,4.00,0.80
2007.04.17 15:36:16.654,2.4248,2.4251,4.00,0.80
2007.04.17 15:36:21.968,2.4248,2.4251,5.60,0.80
2007.04.17 15:36:22.445,2.4248,2.4251,4.00,0.80
2007.04.17 15:36:24.296,2.4248,2.4251,5.60,0.80
2007.04.17 15:36:25.502,2.4249,2.4251,4.00,0.80
2007.04.17 15:36:25.890,2.425,2.4251,4.00,0.80
2007.04.17 15:36:27.442,2.425,2.4251,5.60,0.80
2007.04.17 15:36:28.559,2.425,2.4251,1.60,0.80
2007.04.17 15:36:31.964,2.4249,2.4251,4.00,0.80
2007.04.17 15:36:32.886,2.4248,2.4251,9.30,0.80
2007.04.17 15:36:33.730,2.4248,2.4251,1.60,0.80
2007.04.17 15:36:34.902,2.425,2.4251,1.60,0.80
2007.04.17 15:36:35.110,2.425,2.4251,1.60,4.80
2007.04.17 15:36:35.935,2.4248,2.4251,5.60,0.80
2007.04.17 15:36:37.434,2.425,2.4251,1.60,0.80
2007.04.17 15:36:39.702,2.4248,2.4251,5.60,0.80
2007.04.17 15:36:40.072,2.425,2.4251,1.60,0.80
2007.04.17 15:36:41.622,2.4248,2.4251,5.60,0.80
2007.04.17 15:36:43.101,2.4248,2.4251,5.60,0.80
2007.04.17 15:36:43.343,2.4248,2.4251,3.00,0.80
2007.04.17 15:36:43.567,2.4248,2.4251,5.60,0.80
2007.04.17 15:36:47.464,2.4248,2.425,5.60,0.80
2007.04.17 15:36:50.961,2.4246,2.425,20.40,0.80
2007.04.17 15:36:59.875,2.4247,2.4251,14.90,1.60
2007.04.17 15:37:01.817,2.4248,2.4251,0.90,0.80
2007.04.17 15:37:05.720,2.4248,2.4251,5.60,0.80
2007.04.17 15:37:06.504,2.4248,2.4251,5.60,0.80
2007.04.17 15:37:11.551,2.4247,2.4251,13.30,0.80
2007.04.17 15:37:14.528,2.4249,2.4251,1.60,0.80
2007.04.17 15:37:14.738,2.4249,2.4252,5.60,1.60
2007.04.17 15:37:16.753,2.4249,2.4252,1.60,1.60
2007.04.17 15:37:18.593,2.4249,2.4252,5.60,1.60
2007.04.17 15:37:20.667,2.4249,2.4252,5.60,4.00
2007.04.17 15:37:20.891,2.4249,2.4251,4.00,0.80
2007.04.17 15:37:21.651,2.4247,2.4251,5.60,0.80
2007.04.17 15:37:21.844,2.4247,2.4251,2.50,0.80
2007.04.17 15:37:21.890,2.4247,2.4251,2.80,1.60
2007.04.17 15:37:27.464,2.4246,2.4251,12.50,9.50
2007.04.17 15:37:27.671,2.4245,2.425,19.90,4.00
2007.04.17 15:37:27.900,2.4245,2.425,19.90,4.00
2007.04.17 15:37:29.433,2.4246,2.4251,14.10,1.60
2007.04.17 15:37:34.742,2.4247,2.4251,0.50,1.60
2007.04.17 15:37:37.976,2.42475,2.4251,0.80,1.60
2007.04.17 15:37:38.281,2.4247,2.4251,13.30,0.80
2007.04.17 15:37:48.261,2.4247,2.4251,4.50,0.80
2007.04.17 15:37:53.667,2.42475,2.4251,3.70,0.80
2007.04.17 15:37:55.071,2.4248,2.4251,1.60,0.80
2007.04.17 15:37:57.847,2.42475,2.4251,3.70,0.80
2007.04.17 15:37:58.460,2.42475,2.4251,3.70,1.60
2007.04.17 15:38:03.120,2.4247,2.4251,9.30,1.60
2007.04.17 15:38:05.498,2.4247,2.4251,13.30,1.60
2007.04.17 15:38:05.789,2.42475,2.4251,3.70,1.60
2007.04.17 15:38:06.028,2.4247,2.4251,13.30,1.60
2007.04.17 15:38:11.253,2.4246,2.4251,15.70,1.60
2007.04.17 15:38:11.457,2.4247,2.4251,13.30,1.60
2007.04.17 15:38:25.054,2.42475,2.425,1.50,0.80
2007.04.17 15:38:25.431,2.4247,2.4248,13.30,0.80
2007.04.17 15:38:26.506,2.4246,2.425,13.30,0.80
2007.04.17 15:38:26.759,2.4246,2.425,13.30,0.80
2007.04.17 15:38:33.958,2.4247,2.4251,5.60,1.60
2007.04.17 15:38:35.407,2.4247,2.425,5.60,0.80
2007.04.17 15:39:01.453,2.4247,2.425,1.60,0.80
2007.04.17 15:39:06.337,2.4247,2.425,1.60,1.60
2007.04.17 15:39:10.679,2.4247,2.4249,1.60,0.80
2007.04.17 15:39:18.457,2.4247,2.425,1.60,0.80
2007.04.17 15:39:18.667,2.4247,2.425,1.60,1.60
2007.04.17 15:39:29.962,2.4247,2.425,1.60,4.00
2007.04.17 15:39:30.912,2.4246,2.425,4.00,4.00
2007.04.17 15:39:34.463,2.4246,2.425,4.00,5.60
2007.04.17 15:39:34.710,2.4245,2.4249,2.40,4.00
2007.04.17 15:39:35.114,2.4245,2.4249,2.40,6.40
2007.04.17 15:39:36.132,2.4245,2.4248,1.60,0.80
2007.04.17 15:39:40.148,2.42445,2.4248,3.70,3.20
2007.04.17 15:39:40.518,2.42445,2.4247,3.70,2.40
2007.04.17 15:39:41.034,2.4244,2.4247,4.00,6.40
2007.04.17 15:39:42.370,2.4243,2.4247,0.80,6.40
2007.04.17 15:39:45.395,2.4243,2.4247,2.40,4.00
2007.04.17 15:39:45.807,2.4244,2.4248,4.00,4.00
2007.04.17 15:39:46.209,2.4245,2.4247,1.60,0.80
2007.04.17 15:39:46.425,2.4244,2.4247,4.00,0.80
2007.04.17 15:39:48.325,2.4244,2.4248,4.00,6.40
2007.04.17 15:39:48.581,2.4243,2.4247,2.40,0.80
2007.04.17 15:39:48.801,2.4243,2.4247,5.60,0.70
2007.04.17 15:39:49.063,2.4243,2.4246,9.60,0.80
2007.04.17 15:39:49.478,2.4243,2.4246,15.70,0.80
2007.04.17 15:39:49.690,2.4243,2.4248,8.50,5.60
2007.04.17 15:39:49.956,2.4243,2.4247,4.80,0.80
2007.04.17 15:39:50.216,2.4243,2.4247,12.50,0.50
2007.04.17 15:39:51.008,2.4243,2.4248,8.50,9.60
2007.04.17 15:39:51.338,2.4243,2.4248,4.50,9.60
2007.04.17 15:39:51.644,2.4243,2.42475,0.80,7.20
2007.04.17 15:39:51.939,2.4243,2.4246,0.80,0.80
2007.04.17 15:39:52.705,2.4242,2.4246,4.80,0.80
2007.04.17 15:39:56.010,2.4243,2.4247,4.00,9.60
2007.04.17 15:39:56.219,2.4243,2.4247,8.00,4.00
2007.04.17 15:39:57.456,2.4243,2.4247,8.00,0.70
2007.04.17 15:39:57.929,2.4244,2.4248,4.00,10.00
2007.04.17 15:39:58.723,2.4244,2.42485,4.00,8.00
2007.04.17 15:39:59.149,2.4244,2.4248,4.00,5.60
2007.04.17 15:40:00.639,2.4244,2.4247,6.20,0.80
2007.04.17 15:40:00.972,2.4244,2.4249,6.20,10.00
2007.04.17 15:40:01.755,2.4244,2.4248,10.20,0.70
2007.04.17 15:40:02.574,2.4244,2.4249,4.00,10.00
2007.04.17 15:40:03.185,2.4244,2.4248,8.00,0.70
2007.04.17 15:40:03.497,2.4243,2.4248,16.50,0.80
2007.04.17 15:40:03.722,2.4243,2.42485,18.80,8.00
2007.04.17 15:40:04.023,2.4244,2.4249,4.00,14.00
2007.04.17 15:40:05.203,2.4244,2.42485,4.00,8.00
2007.04.17 15:40:06.406,2.4244,2.4249,4.00,14.00
2007.04.17 15:40:15.048,2.4244,2.42475,4.00,3.20
2007.04.17 15:40:15.925,2.4243,2.4246,4.80,0.80
2007.04.17 15:40:16.439,2.4242,2.4246,22.40,0.80
2007.04.17 15:40:20.981,2.4242,2.4246,10.50,4.80
2007.04.17 15:40:22.545,2.4242,2.4246,2.50,4.80
2007.04.17 15:40:24.036,2.4241,2.4246,18.50,4.80
2007.04.17 15:40:24.264,2.4241,2.4246,18.50,4.80
2007.04.17 15:40:25.040,2.4242,2.4246,2.00,4.80
2007.04.17 15:40:25.886,2.4242,2.4246,8.50,4.80
2007.04.17 15:40:27.637,2.4241,2.4246,23.90,0.80
2007.04.17 15:40:30.463,2.42415,2.4246,16.50,0.80
2007.04.17 15:40:30.752,2.4242,2.4246,3.80,0.80
2007.04.17 15:40:31.299,2.4242,2.4247,1.40,8.00
2007.04.17 15:40:36.108,2.42425,2.4247,2.20,5.60
2007.04.17 15:40:39.284,2.42425,2.4246,1.30,4.00
2007.04.17 15:40:39.889,2.4242,2.4246,4.80,0.80
2007.04.17 15:40:40.244,2.42415,2.4246,8.50,4.80
2007.04.17 15:40:40.823,2.42415,2.4246,12.50,0.80
2007.04.17 15:40:42.578,2.4241,2.42465,21.70,2.40
2007.04.17 15:40:43.168,2.4242,2.4246,1.80,4.00
2007.04.17 15:40:44.280,2.4242,2.4246,12.50,4.00
2007.04.17 15:40:46.297,2.4242,2.4246,4.20,4.00
2007.04.17 15:40:47.748,2.4241,2.4246,21.70,4.00
2007.04.17 15:40:48.693,2.4242,2.4246,12.50,4.00
2007.04.17 15:40:57.435,2.4242,2.4246,12.50,4.00
2007.04.17 15:40:58.394,2.4243,2.4245,2.80,4.00
2007.04.17 15:40:59.080,2.4243,2.4247,1.30,11.70
2007.04.17 15:40:59.307,2.4241,2.4247,10.50,11.70
2007.04.17 15:41:00.619,2.4242,2.4247,0.90,11.70
2007.04.17 15:41:00.890,2.4242,2.4244,0.80,4.00
2007.04.17 15:41:11.992,2.42415,2.4244,3.70,4.00
2007.04.17 15:41:12.518,2.4242,2.4244,4.00,4.00
2007.04.17 15:41:12.831,2.4242,2.4246,4.00,5.60
2007.04.17 15:41:14.439,2.4242,2.4246,7.70,5.60
2007.04.17 15:41:17.728,2.4242,2.4246,3.70,5.60
2007.04.17 15:41:17.943,2.42415,2.4246,3.70,5.60
2007.04.17 15:41:18.831,2.42415,2.4247,3.70,15.50
2007.04.17 15:41:19.375,2.4241,2.4246,16.50,5.60
2007.04.17 15:41:20.567,2.42415,2.4246,3.70,5.60
2007.04.17 15:41:21.337,2.42415,2.4245,3.70,4.00
2007.04.17 15:41:23.234,2.4241,2.4245,14.80,4.00
2007.04.17 15:41:23.635,2.4241,2.4245,14.80,4.80
2007.04.17 15:41:24.167,2.4241,2.4245,12.50,4.80
2007.04.17 15:41:25.509,2.4243,2.4245,0.80,4.00
2007.04.17 15:41:26.245,2.4241,2.4245,4.80,4.00
2007.04.17 15:41:26.723,2.4241,2.4245,4.80,4.80
2007.04.17 15:41:28.343,2.4241,2.4245,8.80,4.80
2007.04.17 15:41:28.552,2.42415,2.4245,3.70,4.80
2007.04.17 15:41:28.947,2.4242,2.4245,4.00,4.80
2007.04.17 15:41:29.567,2.4242,2.4245,4.00,0.80
2007.04.17 15:41:32.451,2.4242,2.4246,4.00,4.80
2007.04.17 15:41:33.041,2.4242,2.4246,4.00,5.60
2007.04.17 15:41:34.478,2.4242,2.4245,4.00,0.80
2007.04.17 15:41:35.678,2.42415,2.4245,3.70,0.80
2007.04.17 15:41:35.983,2.4241,2.4245,15.70,0.80
2007.04.17 15:41:36.298,2.4241,2.4245,11.70,0.80
2007.04.17 15:41:36.644,2.4241,2.4245,8.00,0.80
2007.04.17 15:41:38.386,2.4241,2.4245,8.00,1.60
2007.04.17 15:41:39.240,2.4241,2.4245,10.20,1.60
2007.04.17 15:41:40.315,2.4241,2.4244,10.20,0.80
2007.04.17 15:41:41.098,2.4241,2.4244,8.00,0.80
2007.04.17 15:41:43.544,2.4241,2.4244,4.00,0.80
2007.04.17 15:41:45.005,2.4241,2.4245,4.00,0.80
2007.04.17 15:41:45.329,2.4241,2.4245,4.00,8.70
2007.04.17 15:41:45.644,2.424,2.4244,10.50,4.00
2007.04.17 15:41:45.883,2.424,2.4244,14.50,4.00
2007.04.17 15:41:46.575,2.424,2.4244,14.50,4.80
2007.04.17 15:41:47.143,2.4241,2.4244,4.00,0.80
2007.04.17 15:41:47.735,2.424,2.4244,16.80,4.80
2007.04.17 15:41:48.246,2.42405,2.4244,3.70,4.80
2007.04.17 15:41:50.319,2.424,2.4244,14.50,4.80
2007.04.17 15:41:51.331,2.424,2.4244,10.80,4.80
2007.04.17 15:41:53.247,2.424,2.4244,10.50,4.80
2007.04.17 15:41:53.484,2.424,2.4245,14.50,5.60
2007.04.17 15:41:57.002,2.4241,2.4245,3.70,5.60
2007.04.17 15:41:58.566,2.42405,2.4245,3.70,5.60
2007.04.17 15:41:59.846,2.42405,2.4244,3.70,0.80
2007.04.17 15:42:02.401,2.4241,2.4244,3.70,0.80
2007.04.17 15:42:02.654,2.4241,2.4245,3.70,5.60
2007.04.17 15:42:03.150,2.4242,2.4245,4.00,5.60
2007.04.17 15:42:05.275,2.4241,2.4245,3.70,5.60
2007.04.17 15:42:05.503,2.4241,2.4245,4.50,4.80
2007.04.17 15:42:06.787,2.4241,2.4245,0.80,4.80
2007.04.17 15:42:07.065,2.4241,2.4244,0.80,0.80
2007.04.17 15:42:10.451,2.424,2.4244,18.50,0.80
2007.04.17 15:42:11.997,2.4242,2.4244,4.00,0.80
2007.04.17 15:42:13.803,2.4242,2.4244,4.00,3.20
2007.04.17 15:42:14.177,2.4242,2.4244,4.00,0.80
2007.04.17 15:42:15.888,2.4241,2.4244,0.80,0.80
2007.04.17 15:42:16.571,2.4241,2.4243,0.80,4.80
2007.04.17 15:42:18.158,2.4241,2.4243,0.80,0.80
2007.04.17 15:42:19.699,2.4241,2.4244,0.80,0.80
2007.04.17 15:42:20.167,2.4241,2.4245,0.80,4.80
2007.04.17 15:42:20.190,2.424,2.4245,4.80,5.60
2007.04.17 15:42:20.852,2.4241,2.4245,4.00,8.00
2007.04.17 15:42:21.240,2.4241,2.4244,4.00,3.20
2007.04.17 15:42:22.679,2.424,2.4243,0.80,4.80
2007.04.17 15:42:23.907,2.424,2.4242,4.80,0.50
2007.04.17 15:42:24.495,2.4239,2.4243,7.70,4.80
2007.04.17 15:42:24.699,2.4239,2.4244,11.70,4.80
2007.04.17 15:42:24.988,2.4239,2.4243,12.50,0.80
2007.04.17 15:42:25.389,2.4239,2.4244,8.50,5.60
2007.04.17 15:42:25.882,2.4239,2.4244,4.80,8.00
2007.04.17 15:42:26.430,2.4239,2.4244,4.80,12.00
2007.04.17 15:42:27.390,2.4239,2.42435,4.80,3.20
2007.04.17 15:42:27.935,2.424,2.4244,4.00,12.00
2007.04.17 15:42:29.163,2.424,2.4244,4.00,12.00
2007.04.17 15:42:30.509,2.424,2.4244,4.00,12.00
2007.04.17 15:42:34.566,2.424,2.42435,4.00,3.20
2007.04.17 15:42:38.396,2.4242,2.4244,0.20,5.60
2007.04.17 15:42:39.533,2.4242,2.42445,0.20,8.00
2007.04.17 15:42:41.471,2.424,2.42445,4.00,8.00
2007.04.17 15:42:44.684,2.424,2.4244,4.00,0.70
2007.04.17 15:42:46.804,2.4242,2.42445,4.00,7.70
2007.04.17 15:42:47.100,2.4242,2.42445,4.00,3.70
2007.04.17 15:42:47.353,2.424,2.42445,9.60,3.70
2007.04.17 15:42:47.593,2.424,2.4244,13.30,0.90
2007.04.17 15:42:48.041,2.424,2.4244,17.30,0.50
2007.04.17 15:42:49.030,2.424,2.4245,18.10,7.60
2007.04.17 15:42:49.258,2.424,2.4245,18.10,5.60
2007.04.17 15:42:52.695,2.424,2.4245,14.90,6.40
2007.04.17 15:42:55.967,2.424,2.4245,5.60,8.80
2007.04.17 15:42:56.975,2.424,2.4245,7.20,8.80
2007.04.17 15:42:57.781,2.424,2.4245,14.90,6.40
2007.04.17 15:42:58.095,2.424,2.4244,14.10,0.80
2007.04.17 15:42:59.573,2.424,2.4243,8.50,4.00
2007.04.17 15:43:00.778,2.424,2.4243,0.80,4.00
2007.04.17 15:43:08.442,2.4239,2.4243,4.50,4.80
2007.04.17 15:43:08.754,2.4239,2.4241,0.80,4.00
2007.04.17 15:43:09.954,2.424,2.4242,0.80,4.00
2007.04.17 15:43:10.472,2.424,2.4242,1.60,4.00
2007.04.17 15:43:10.786,2.424,2.4243,0.80,0.80
2007.04.17 15:43:11.004,2.4239,2.4242,4.00,0.80
2007.04.17 15:43:11.221,2.4239,2.4242,11.70,0.80
2007.04.17 15:43:11.712,2.4239,2.4242,3.70,4.80
2007.04.17 15:43:12.149,2.4238,2.4242,0.80,4.80
2007.04.17 15:43:14.000,2.4238,2.4242,0.80,4.00
2007.04.17 15:43:14.296,2.4238,2.4242,0.80,4.80
2007.04.17 15:43:16.053,2.4238,2.4242,4.80,4.00
2007.04.17 15:43:16.290,2.4238,2.4242,8.50,4.00
2007.04.17 15:43:16.442,2.4238,2.4242,8.50,0.90
2007.04.17 15:43:16.969,2.4238,2.4242,9.30,0.80
2007.04.17 15:43:17.671,2.4238,2.4243,1.60,8.80
2007.04.17 15:43:21.089,2.4238,2.4243,1.60,10.80
2007.04.17 15:43:21.313,2.4238,2.4243,1.60,10.80
2007.04.17 15:43:21.716,2.4238,2.42425,1.60,7.20
2007.04.17 15:43:22.442,2.4237,2.42425,21.20,7.20
2007.04.17 15:43:22.729,2.424,2.42425,1.60,3.20
2007.04.17 15:43:22.987,2.424,2.42425,1.60,4.00
2007.04.17 15:43:25.558,2.4239,2.4243,4.00,4.40
2007.04.17 15:43:27.391,2.424,2.4243,1.60,6.00
2007.04.17 15:43:27.649,2.424,2.4242,1.60,1.60
2007.04.17 15:43:29.084,2.424,2.4242,5.60,1.60
2007.04.17 15:43:29.389,2.424,2.4243,4.00,2.80
2007.04.17 15:43:33.405,2.424,2.42425,4.00,0.60
2007.04.17 15:43:34.144,2.424,2.42435,4.00,3.20
2007.04.17 15:43:35.900,2.424,2.42435,5.60,3.20
2007.04.17 15:43:36.181,2.4242,2.4243,4.00,0.80
2007.04.17 15:43:36.456,2.424,2.4244,5.60,6.80
2007.04.17 15:43:39.761,2.424,2.4243,4.00,0.80
2007.04.17 15:43:43.907,2.4239,2.42435,4.00,5.60
2007.04.17 15:43:44.371,2.4239,2.4243,4.00,0.60
2007.04.17 15:43:47.004,2.4239,2.4241,4.00,0.80
2007.04.17 15:43:47.719,2.4239,2.4242,4.00,0.80
2007.04.17 15:43:48.126,2.4239,2.4241,4.00,2.80
2007.04.17 15:43:49.605,2.4239,2.4242,4.00,3.20
2007.04.17 15:43:49.930,2.4239,2.4242,4.00,0.80
2007.04.17 15:43:50.837,2.4239,2.424,4.00,4.00
2007.04.17 15:43:51.756,2.424,2.4242,4.00,4.00
2007.04.17 15:43:51.964,2.42375,2.4241,3.70,4.00
2007.04.17 15:43:52.769,2.42375,2.424,3.70,4.00
2007.04.17 15:43:53.034,2.4237,2.424,7.70,4.00
2007.04.17 15:43:53.550,2.4237,2.424,3.70,4.00
2007.04.17 15:43:54.346,2.4236,2.424,14.80,4.00
2007.04.17 15:43:56.491,2.4236,2.424,12.50,4.00
2007.04.17 15:43:56.897,2.4237,2.424,0.80,4.00
2007.04.17 15:43:57.416,2.4237,2.4241,0.80,8.00
2007.04.17 15:43:57.819,2.4238,2.4241,4.00,4.00
2007.04.17 15:43:58.022,2.4238,2.424,4.00,4.00
2007.04.17 15:43:58.236,2.4237,2.424,0.80,4.00
2007.04.17 15:43:58.501,2.4237,2.424,8.50,4.00
2007.04.17 15:44:01.425,2.4236,2.424,8.80,4.00
2007.04.17 15:44:01.826,2.42365,2.424,3.70,4.00
2007.04.17 15:44:03.604,2.4237,2.424,0.80,4.00
2007.04.17 15:44:05.040,2.42365,2.424,3.70,4.00
2007.04.17 15:44:06.974,2.42365,2.4239,3.70,4.00
2007.04.17 15:44:07.191,2.4238,2.4239,4.00,4.00
2007.04.17 15:44:07.904,2.42365,2.4237,3.70,4.00
2007.04.17 15:44:08.152,2.4236,2.4237,8.00,4.00
2007.04.17 15:44:08.626,2.4235,2.4237,4.50,4.00
2007.04.17 15:44:08.902,2.4235,2.4237,3.70,4.00
2007.04.17 15:44:09.504,2.4235,2.4236,3.70,4.00
2007.04.17 15:44:09.929,2.4235,2.4237,3.70,4.00
2007.04.17 15:44:09.959,2.4235,2.4237,3.70,0.70
2007.04.17 15:44:10.668,2.4235,2.4239,3.70,8.80
2007.04.17 15:44:10.986,2.4235,2.4238,0.80,4.00
2007.04.17 15:44:13.060,2.4235,2.4237,0.80,4.00
2007.04.17 15:44:13.681,2.4235,2.4239,3.00,8.00
2007.04.17 15:44:13.975,2.4236,2.424,7.70,0.80
2007.04.17 15:44:14.188,2.4237,2.424,2.20,0.80
2007.04.17 15:44:14.719,2.4238,2.4241,4.00,9.20
2007.04.17 15:44:14.950,2.4238,2.424,4.00,4.00
2007.04.17 15:44:15.438,2.4238,2.4241,6.40,2.80
2007.04.17 15:44:15.646,2.4238,2.4241,4.00,2.80
2007.04.17 15:44:15.853,2.4237,2.4241,11.70,2.80
2007.04.17 15:44:16.284,2.4238,2.4241,6.20,2.80
2007.04.17 15:44:16.566,2.4238,2.4241,4.00,0.80
2007.04.17 15:44:17.078,2.42385,2.4241,3.70,0.80
2007.04.17 15:44:17.297,2.4238,2.4241,8.00,3.20
2007.04.17 15:44:17.564,2.4238,2.4241,4.00,3.20
2007.04.17 15:44:17.956,2.4238,2.4241,4.00,7.20
2007.04.17 15:44:18.303,2.4237,2.4241,4.00,7.20
2007.04.17 15:44:19.399,2.4237,2.42395,4.80,2.40
2007.04.17 15:44:20.039,2.4237,2.42405,4.80,2.40
2007.04.17 15:44:20.257,2.4237,2.42405,4.00,2.40
2007.04.17 15:44:20.934,2.4237,2.4239,4.00,4.00
2007.04.17 15:44:21.420,2.4237,2.42405,4.00,2.40
2007.04.17 15:44:21.749,2.4237,2.4241,4.00,6.40
2007.04.17 15:44:22.239,2.4237,2.42405,4.00,2.40
2007.04.17 15:44:22.785,2.4237,2.424,0.80,4.00
2007.04.17 15:44:23.996,2.4237,2.4241,0.80,8.00
2007.04.17 15:44:24.683,2.4237,2.4241,3.70,8.00
2007.04.17 15:44:25.354,2.42365,2.4241,3.70,8.00
2007.04.17 15:44:26.440,2.42365,2.424,3.70,4.00
2007.04.17 15:44:26.663,2.4237,2.424,0.80,4.00
2007.04.17 15:44:27.040,2.4237,2.424,8.50,4.00
2007.04.17 15:44:28.905,2.4237,2.424,8.50,8.00
2007.04.17 15:44:29.138,2.4237,2.424,7.70,8.00
2007.04.17 15:44:30.117,2.4237,2.424,3.70,8.00
2007.04.17 15:44:30.761,2.4236,2.424,0.80,8.00
2007.04.17 15:44:33.383,2.4236,2.424,0.80,4.00
2007.04.17 15:44:34.549,2.4236,2.424,8.50,4.00
2007.04.17 15:44:34.861,2.42365,2.424,3.70,4.00
2007.04.17 15:44:38.669,2.4237,2.424,8.50,4.00
2007.04.17 15:44:38.923,2.4238,2.424,2.40,4.00
2007.04.17 15:44:39.201,2.4238,2.42425,10.40,2.40
2007.04.17 15:44:39.552,2.4238,2.4243,14.10,4.00
2007.04.17 15:44:40.048,2.424,2.42435,4.00,2.40
2007.04.17 15:44:40.982,2.424,2.4241,4.00,4.00
2007.04.17 15:44:41.908,2.4238,2.4241,11.70,4.00
2007.04.17 15:44:42.399,2.42385,2.4241,3.70,4.00
2007.04.17 15:44:43.141,2.4239,2.4243,4.00,4.00
2007.04.17 15:44:44.652,2.4239,2.4243,8.00,4.00
2007.04.17 15:44:44.897,2.4239,2.4243,11.70,4.00
2007.04.17 15:44:47.455,2.424,2.4243,1.60,4.00
2007.04.17 15:44:47.778,2.424,2.4244,1.60,6.80
2007.04.17 15:44:48.742,2.4241,2.4244,4.00,2.80
2007.04.17 15:44:51.691,2.4241,2.4243,4.00,0.80
2007.04.17 15:44:53.969,2.4241,2.4244,4.00,0.80
2007.04.17 15:44:56.172,2.4241,2.4244,4.00,3.20
2007.04.17 15:44:56.971,2.4241,2.4244,4.00,7.20
2007.04.17 15:44:57.883,2.4239,2.4244,4.80,11.20
2007.04.17 15:44:58.129,2.4239,2.42435,4.80,2.40
2007.04.17 15:44:58.411,2.4239,2.4243,4.80,4.00
2007.04.17 15:44:58.957,2.4239,2.4242,0.80,4.00
2007.04.17 15:44:59.641,2.4239,2.4242,3.00,4.00
2007.04.17 15:45:00.720,2.4239,2.4242,2.20,4.00
2007.04.17 15:45:02.191,2.42385,2.4242,3.70,4.00
2007.04.17 15:45:03.827,2.4238,2.4242,10.00,4.00
2007.04.17 15:45:04.228,2.4238,2.4242,7.70,4.00
2007.04.17 15:45:04.655,2.42375,2.4241,3.70,0.80
2007.04.17 15:45:06.740,2.4237,2.4241,16.30,0.80
2007.04.17 15:45:07.378,2.42375,2.4241,0.80,4.80
2007.04.17 15:45:08.316,2.4238,2.4241,4.00,4.80
2007.04.17 15:45:08.617,2.4238,2.4241,7.70,4.80
2007.04.17 15:45:09.451,2.4238,2.4241,7.70,0.80
2007.04.17 15:45:09.812,2.4238,2.4241,11.70,0.80
2007.04.17 15:45:10.783,2.424,2.4241,4.00,0.80
2007.04.17 15:45:11.982,2.4238,2.4242,14.00,0.80
2007.04.17 15:45:12.898,2.4238,2.4241,14.00,4.00
2007.04.17 15:45:13.405,2.4238,2.4242,14.00,0.80
2007.04.17 15:45:14.149,2.42385,2.4242,3.70,0.80
2007.04.17 15:45:17.121,2.4239,2.4242,1.60,0.80
2007.04.17 15:45:17.363,2.42395,2.4242,3.70,0.80
2007.04.17 15:45:17.900,2.42395,2.4242,3.70,4.80
2007.04.17 15:45:18.517,2.4239,2.4242,7.70,8.80
2007.04.17 15:45:19.221,2.4239,2.4242,7.70,8.00
2007.04.17 15:45:19.663,2.4239,2.424,7.70,4.00
2007.04.17 15:45:19.892,2.4239,2.424,4.00,4.00
2007.04.17 15:45:20.169,2.42385,2.4242,3.70,8.00
2007.04.17 15:45:20.739,2.42385,2.4241,3.70,4.00
2007.04.17 15:45:21.212,2.4238,2.4241,4.00,4.00
2007.04.17 15:45:21.447,2.4237,2.4241,0.80,4.00
2007.04.17 15:45:21.762,2.4237,2.424,0.80,4.00
2007.04.17 15:45:21.978,2.4237,2.4241,0.80,8.00
2007.04.17 15:45:23.505,2.4237,2.4239,0.80,4.00
2007.04.17 15:45:24.867,2.4236,2.424,4.80,4.00
2007.04.17 15:45:25.067,2.4236,2.424,0.80,6.40
2007.04.17 15:45:26.092,2.4236,2.424,0.80,4.00
2007.04.17 15:45:26.402,2.4236,2.424,3.20,4.00
2007.04.17 15:45:26.613,2.4237,2.42405,4.00,2.40
2007.04.17 15:45:27.111,2.4237,2.4241,4.00,3.20
2007.04.17 15:45:29.515,2.4238,2.4241,4.00,3.20
2007.04.17 15:45:29.802,2.4238,2.4241,4.00,0.80
2007.04.17 15:45:30.254,2.4238,2.4242,4.00,7.20
2007.04.17 15:45:30.785,2.4238,2.4241,4.00,0.80
2007.04.17 15:45:31.319,2.4238,2.4241,6.20,0.80
2007.04.17 15:45:31.680,2.4238,2.4242,6.20,7.20
2007.04.17 15:45:32.126,2.4238,2.4242,4.00,3.20
2007.04.17 15:45:33.649,2.4238,2.4241,4.00,0.80
2007.04.17 15:45:35.196,2.4238,2.4241,6.20,0.80
2007.04.17 15:45:36.841,2.4238,2.4242,6.20,3.20
2007.04.17 15:45:37.761,2.4238,2.4242,6.20,0.80
2007.04.17 15:45:40.348,2.4238,2.4243,7.00,11.20
2007.04.17 15:45:41.030,2.4238,2.4244,7.00,26.70
2007.04.17 15:45:41.236,2.4238,2.4243,4.80,0.90
2007.04.17 15:45:41.713,2.42385,2.42435,3.70,11.20
2007.04.17 15:45:42.745,2.42385,2.4243,3.70,10.80
2007.04.17 15:45:43.333,2.42385,2.42435,3.70,9.20
2007.04.17 15:45:43.558,2.424,2.4243,4.00,0.60
2007.04.17 15:45:43.780,2.4239,2.4244,3.70,14.80
2007.04.17 15:45:44.107,2.4239,2.4242,3.70,2.80
2007.04.17 15:45:44.415,2.4239,2.4244,3.70,22.70
2007.04.17 15:45:44.809,2.4238,2.42435,11.70,11.20
2007.04.17 15:45:45.568,2.4238,2.4244,8.00,22.70
2007.04.17 15:45:45.771,2.4238,2.4244,4.00,26.70
2007.04.17 15:45:46.879,2.4238,2.4244,4.00,27.30
2007.04.17 15:45:47.149,2.4238,2.4244,6.40,27.30
2007.04.17 15:45:47.863,2.4238,2.42425,6.40,0.50
2007.04.17 15:45:48.821,2.42385,2.4243,3.70,0.50
2007.04.17 15:45:50.271,2.4239,2.4244,2.40,13.20
2007.04.17 15:45:50.624,2.424,2.4243,4.00,0.80
2007.04.17 15:45:52.435,2.424,2.4244,6.40,5.20
2007.04.17 15:45:54.570,2.4242,2.4244,4.00,2.80
2007.04.17 15:45:55.911,2.42405,2.4243,3.70,0.80
2007.04.17 15:45:56.714,2.4242,2.4244,3.70,2.80
2007.04.17 15:45:57.709,2.42415,2.4244,3.70,2.80
2007.04.17 15:45:58.333,2.4242,2.4244,4.00,2.80
2007.04.17 15:46:04.184,2.4242,2.42465,4.00,7.20
2007.04.17 15:46:04.858,2.4242,2.4246,7.70,0.50
2007.04.17 15:46:05.816,2.4242,2.4247,8.50,12.00
2007.04.17 15:46:06.110,2.4242,2.4247,12.50,12.00
2007.04.17 15:46:07.088,2.4242,2.42465,4.80,6.40
2007.04.17 15:46:08.909,2.4242,2.4246,4.00,0.70
2007.04.17 15:46:11.142,2.4241,2.4245,7.70,4.00
2007.04.17 15:46:12.192,2.42405,2.4245,3.70,4.00
2007.04.17 15:46:13.130,2.424,2.4245,16.40,4.00
2007.04.17 15:46:15.733,2.424,2.4245,14.10,4.00
2007.04.17 15:46:16.113,2.424,2.42445,6.40,2.40
2007.04.17 15:46:22.369,2.424,2.42445,8.60,2.40
2007.04.17 15:46:25.932,2.42405,2.4245,3.70,4.80
2007.04.17 15:46:26.234,2.42405,2.4245,3.70,4.00
2007.04.17 15:46:26.740,2.4242,2.42455,4.00,2.40
2007.04.17 15:46:27.487,2.4242,2.4246,4.00,4.00
2007.04.17 15:46:27.787,2.4241,2.4245,7.70,0.80
2007.04.17 15:46:29.128,2.42415,2.4245,3.70,0.80
2007.04.17 15:46:33.960,2.42415,2.4246,3.70,6.80
2007.04.17 15:46:34.676,2.42415,2.4245,3.70,0.80
2007.04.17 15:46:36.441,2.4242,2.4245,7.70,0.80
2007.04.17 15:46:38.559,2.42415,2.4245,3.70,4.80
2007.04.17 15:46:42.552,2.42415,2.4245,3.70,4.00
2007.04.17 15:46:43.841,2.42415,2.4245,3.70,0.50
2007.04.17 15:46:44.550,2.42415,2.4246,3.70,6.80
2007.04.17 15:46:44.837,2.4242,2.4246,2.40,9.20
2007.04.17 15:46:45.229,2.4242,2.4245,4.60,4.80
2007.04.17 15:46:45.458,2.4242,2.4245,4.60,4.00
2007.04.17 15:46:45.964,2.4242,2.4245,8.60,4.00
2007.04.17 15:46:46.631,2.42425,2.4245,3.70,4.00
2007.04.17 15:46:47.114,2.42425,2.4247,3.70,4.80
2007.04.17 15:46:50.757,2.4242,2.4247,14.10,4.80
2007.04.17 15:46:52.913,2.4242,2.4247,11.70,8.80
2007.04.17 15:46:53.137,2.4242,2.4247,4.00,11.20
2007.04.17 15:46:53.562,2.4242,2.4247,8.00,11.20
2007.04.17 15:46:53.870,2.42425,2.4247,3.70,8.80
2007.04.17 15:46:54.567,2.4242,2.4247,11.70,8.80
2007.04.17 15:46:55.919,2.4242,2.4247,14.10,7.20
2007.04.17 15:47:00.143,2.42425,2.4247,3.70,4.80
2007.04.17 15:47:00.373,2.42425,2.4247,3.70,8.80
2007.04.17 15:47:01.230,2.4242,2.42465,4.00,2.40
2007.04.17 15:47:02.809,2.4242,2.42465,4.80,2.40
2007.04.17 15:47:04.005,2.4242,2.42465,4.00,2.40
2007.04.17 15:47:04.904,2.4242,2.42465,6.40,2.40
2007.04.17 15:47:05.714,2.4242,2.42465,10.40,2.40
2007.04.17 15:47:05.961,2.42425,2.4247,3.70,4.80
2007.04.17 15:47:07.240,2.4242,2.4247,14.10,4.80
2007.04.17 15:47:08.850,2.4242,2.4247,11.70,8.80
2007.04.17 15:47:09.423,2.4242,2.4247,7.70,8.80
2007.04.17 15:47:09.665,2.42415,2.4245,3.70,4.00
2007.04.17 15:47:11.001,2.4242,2.4245,2.40,4.00
2007.04.17 15:47:11.837,2.4242,2.4247,6.40,7.20
2007.04.17 15:47:11.917,2.4242,2.4247,2.30,7.20
2007.04.17 15:47:12.069,2.4242,2.4247,3.00,4.80
2007.04.17 15:47:14.095,2.4241,2.4247,20.10,4.80
2007.04.17 15:47:14.394,2.42425,2.4247,1.10,4.80
2007.04.17 15:47:16.287,2.4242,2.4247,16.50,4.80
2007.04.17 15:47:16.802,2.4243,2.4247,1.90,8.80
2007.04.17 15:47:18.295,2.4242,2.4247,14.70,8.80
2007.04.17 15:47:19.057,2.42425,2.4247,2.10,8.80
2007.04.17 15:47:20.411,2.4242,2.4247,17.10,4.80
2007.04.17 15:47:21.416,2.4242,2.4246,16.30,0.80
2007.04.17 15:47:24.496,2.4243,2.4247,1.00,4.00
2007.04.17 15:47:24.739,2.4243,2.4247,8.50,4.00
2007.04.17 15:47:25.295,2.4243,2.4247,8.50,8.00
2007.04.17 15:47:26.294,2.4243,2.4246,7.70,4.00
2007.04.17 15:47:26.650,2.42435,2.4245,0.90,4.00
2007.04.17 15:47:26.959,2.42425,2.4245,1.00,4.00
2007.04.17 15:47:27.824,2.4242,2.4245,0.80,4.00
2007.04.17 15:47:30.459,2.4242,2.4245,2.80,4.00
2007.04.17 15:47:31.624,2.4242,2.4247,6.80,12.60
2007.04.17 15:47:32.184,2.4242,2.4247,10.50,10.20
2007.04.17 15:47:33.720,2.4242,2.4247,6.80,12.60
2007.04.17 15:47:34.981,2.4243,2.4247,0.80,10.20
2007.04.17 15:47:36.019,2.4242,2.4245,6.50,4.00
2007.04.17 15:47:36.361,2.4242,2.4245,0.80,4.00
2007.04.17 15:47:36.718,2.42415,2.4247,12.50,10.40
2007.04.17 15:47:37.078,2.4242,2.4247,12.50,8.00
2007.04.17 15:47:37.333,2.42425,2.4245,2.20,4.00
2007.04.17 15:47:38.517,2.42415,2.4245,8.50,4.00
