2016.01.11 07:00:00.305,1.44305,1.44343,1.75,3.00
2016.01.11 07:00:04.006,1.4431,1.44338,1.00,1.00
2016.01.11 07:00:07.422,1.44308,1.44345,1.75,1.75
2016.01.11 07:00:08.623,1.44312,1.4435,2.25,1.75
2016.01.11 07:00:08.935,1.44331,1.44364,1.50,1.75
2016.01.11 07:00:09.037,1.44337,1.44368,1.75,1.12
2016.01.11 07:00:09.140,1.44345,1.44381,1.75,1.75
2016.01.11 07:00:09.191,1.4435,1.44383,1.87,1.87
2016.01.11 07:00:09.242,1.4435,1.44385,2.25,1.12
2016.01.11 07:00:09.293,1.4436,1.44388,1.00,1.00
2016.01.11 07:00:09.600,1.44353,1.44388,1.75,1.75
2016.01.11 07:00:10.399,1.44353,1.4439,3.00,1.50
2016.01.11 07:00:11.227,1.44353,1.44391,1.75,1.75
2016.01.11 07:00:11.531,1.44349,1.44389,1.75,3.00
2016.01.11 07:00:11.875,1.44351,1.44389,2.25,1.75
2016.01.11 07:00:13.852,1.44347,1.44389,2.25,2.25
2016.01.11 07:00:14.310,1.44348,1.44386,1.75,2.25
2016.01.11 07:00:14.720,1.44348,1.44376,1.00,1.00
2016.01.11 07:00:15.278,1.44348,1.44374,1.00,1.00
2016.01.11 07:00:15.620,1.4434,1.44374,1.75,1.75
2016.01.11 07:00:17.009,1.44337,1.44372,2.25,1.50
2016.01.11 07:00:17.060,1.44336,1.44372,1.75,1.75
2016.01.11 07:00:18.044,1.44344,1.44377,2.25,1.12
2016.01.11 07:00:18.382,1.44336,1.44375,1.75,2.25
2016.01.11 07:00:18.434,1.44344,1.44372,1.00,1.00
2016.01.11 07:00:18.536,1.44344,1.44369,1.00,1.00
2016.01.11 07:00:18.740,1.44327,1.44364,1.75,1.00
2016.01.11 07:00:18.791,1.44323,1.44362,1.75,1.00
2016.01.11 07:00:18.842,1.44322,1.44362,1.75,1.00
2016.01.11 07:00:19.146,1.44321,1.44362,1.37,1.50
2016.01.11 07:00:19.248,1.44321,1.44359,1.37,1.00
2016.01.11 07:00:21.096,1.44317,1.44357,1.75,1.00
2016.01.11 07:00:21.446,1.4432,1.4436,1.50,1.00
2016.01.11 07:00:21.807,1.4432,1.44358,1.50,1.00
2016.01.11 07:00:22.440,1.4432,1.44357,1.50,1.00
2016.01.11 07:00:24.609,1.44321,1.44358,1.37,1.00
2016.01.11 07:00:25.201,1.44321,1.44357,1.37,1.00
2016.01.11 07:00:25.252,1.44321,1.44359,1.37,1.50
2016.01.11 07:00:25.759,1.44321,1.44361,1.37,1.00
2016.01.11 07:00:25.861,1.44324,1.44362,1.37,1.00
2016.01.11 07:00:26.405,1.44324,1.44362,1.00,1.00
2016.01.11 07:00:26.787,1.44324,1.44359,1.00,1.00
2016.01.11 07:00:27.340,1.44324,1.4436,1.00,1.00
2016.01.11 07:00:28.484,1.44324,1.44362,1.00,1.00
2016.01.11 07:00:28.846,1.44327,1.44361,1.00,1.00
2016.01.11 07:00:29.049,1.44327,1.44364,1.50,1.00
2016.01.11 07:00:29.150,1.44329,1.44365,2.25,1.75
2016.01.11 07:00:30.549,1.44339,1.44367,1.00,1.00
2016.01.11 07:00:32.148,1.44334,1.4437,1.75,2.25
2016.01.11 07:00:32.199,1.44335,1.44363,1.00,1.00
2016.01.11 07:00:33.172,1.44334,1.4437,1.75,1.75
2016.01.11 07:00:33.789,1.44327,1.44364,2.25,1.75
2016.01.11 07:00:37.255,1.44326,1.44363,2.25,3.00
2016.01.11 07:00:37.307,1.44325,1.44363,1.75,3.00
2016.01.11 07:00:38.315,1.44323,1.44353,2.25,1.00
2016.01.11 07:00:38.468,1.44316,1.44346,1.75,1.00
2016.01.11 07:00:38.570,1.44313,1.44346,2.25,1.12
2016.01.11 07:00:38.672,1.4431,1.44349,3.19,1.75
2016.01.11 07:00:39.064,1.44316,1.44348,2.25,1.37
2016.01.11 07:00:39.115,1.44316,1.44353,2.25,2.25
2016.01.11 07:00:39.166,1.44318,1.44353,2.25,1.12
2016.01.11 07:00:41.997,1.44322,1.44357,2.25,1.75
2016.01.11 07:00:45.265,1.44321,1.44358,3.00,1.75
2016.01.11 07:00:45.317,1.44321,1.44356,1.75,1.75
2016.01.11 07:00:45.468,1.44321,1.44357,1.75,1.75
2016.01.11 07:00:45.519,1.44327,1.44355,1.00,1.00
2016.01.11 07:00:45.570,1.44326,1.44357,1.75,1.37
2016.01.11 07:00:45.621,1.44326,1.44357,1.75,1.00
2016.01.11 07:00:46.015,1.44329,1.44367,2.25,1.75
2016.01.11 07:00:46.283,1.44333,1.44367,2.25,1.75
2016.01.11 07:00:46.536,1.44335,1.44371,2.25,1.75
2016.01.11 07:00:48.619,1.44347,1.44375,1.00,1.00
2016.01.11 07:00:48.777,1.44346,1.44379,1.75,1.75
2016.01.11 07:00:48.828,1.4435,1.44378,1.00,1.00
2016.01.11 07:00:48.880,1.44351,1.44385,1.87,2.25
2016.01.11 07:00:48.931,1.44351,1.44387,2.25,1.75
2016.01.11 07:00:49.514,1.44354,1.44394,2.25,2.25
2016.01.11 07:00:51.524,1.4436,1.44396,1.75,1.75
2016.01.11 07:00:51.831,1.44365,1.44403,2.25,2.25
2016.01.11 07:00:52.034,1.44367,1.44403,2.25,1.50
2016.01.11 07:00:52.085,1.4437,1.44408,3.00,1.75
2016.01.11 07:00:52.304,1.44373,1.44413,1.75,1.00
2016.01.11 07:00:52.811,1.44371,1.44412,1.75,1.00
2016.01.11 07:00:53.065,1.44374,1.44416,1.50,1.00
2016.01.11 07:00:54.188,1.44373,1.44414,1.75,1.00
2016.01.11 07:00:54.644,1.44371,1.44411,1.00,1.00
2016.01.11 07:00:55.414,1.44371,1.44414,1.50,1.00
2016.01.11 07:00:55.466,1.44371,1.44411,1.50,1.00
2016.01.11 07:00:55.771,1.44372,1.44416,1.75,1.00
2016.01.11 07:00:56.075,1.44372,1.44413,3.00,1.00
2016.01.11 07:00:56.589,1.44372,1.44414,1.75,1.00
2016.01.11 07:00:57.283,1.44372,1.44416,2.44,1.00
2016.01.11 07:00:57.820,1.44375,1.44419,1.37,1.87
2016.01.11 07:00:58.124,1.44375,1.44419,1.75,1.00
2016.01.11 07:00:58.314,1.44375,1.44421,1.75,1.50
2016.01.11 07:00:58.595,1.44376,1.44419,1.75,1.00
2016.01.11 07:00:59.001,1.44376,1.44418,2.25,1.00
2016.01.11 07:00:59.154,1.44382,1.4442,1.00,1.00
2016.01.11 07:00:59.306,1.44382,1.44424,1.00,1.00
2016.01.11 07:00:59.993,1.44382,1.44423,1.00,1.00
2016.01.11 07:01:00.145,1.44382,1.44421,1.00,1.00
2016.01.11 07:01:00.424,1.44382,1.44425,1.37,1.50
2016.01.11 07:01:00.985,1.44382,1.44422,1.87,1.00
2016.01.11 07:01:01.441,1.44382,1.44426,1.37,1.00
2016.01.11 07:01:01.542,1.44387,1.44426,1.12,1.00
2016.01.11 07:01:01.594,1.44387,1.4443,2.19,1.00
2016.01.11 07:01:01.746,1.44391,1.44432,1.12,1.50
2016.01.11 07:01:01.861,1.44394,1.44432,1.00,1.50
2016.01.11 07:01:01.973,1.44391,1.44432,1.12,1.50
2016.01.11 07:01:02.362,1.44391,1.4443,1.12,1.00
2016.01.11 07:01:02.670,1.44389,1.44427,1.00,1.00
2016.01.11 07:01:03.207,1.44385,1.44427,1.75,1.00
2016.01.11 07:01:03.843,1.44383,1.44426,2.25,1.00
2016.01.11 07:01:04.191,1.44383,1.44424,2.25,1.00
2016.01.11 07:01:06.233,1.44386,1.44424,2.25,1.75
2016.01.11 07:01:06.817,1.44388,1.44426,2.25,1.75
2016.01.11 07:01:06.868,1.44395,1.44423,1.00,1.00
2016.01.11 07:01:07.021,1.44388,1.44424,2.25,2.25
2016.01.11 07:01:07.072,1.4439,1.44424,1.12,2.25
2016.01.11 07:01:07.939,1.44381,1.4442,1.12,2.25
2016.01.11 07:01:08.345,1.44383,1.44425,2.25,2.25
2016.01.11 07:01:09.424,1.44388,1.44427,2.25,2.25
2016.01.11 07:01:09.474,1.44388,1.44428,2.25,2.25
2016.01.11 07:01:12.560,1.44385,1.44424,2.00,2.25
2016.01.11 07:01:12.662,1.44393,1.44421,1.00,1.00
2016.01.11 07:01:14.650,1.44392,1.44428,1.75,1.75
2016.01.11 07:01:17.936,1.44395,1.4443,1.75,1.75
2016.01.11 07:01:18.462,1.44394,1.4443,2.25,1.75
2016.01.11 07:01:18.876,1.44397,1.44433,2.25,1.75
2016.01.11 07:01:19.281,1.444,1.44436,2.25,1.75
2016.01.11 07:01:19.433,1.44403,1.44441,2.25,1.75
2016.01.11 07:01:21.574,1.44408,1.44446,3.00,1.75
2016.01.11 07:01:21.878,1.44411,1.44449,2.25,1.75
2016.01.11 07:01:22.744,1.44414,1.44451,2.25,1.75
2016.01.11 07:01:22.795,1.44414,1.44451,2.25,1.75
2016.01.11 07:01:22.847,1.44416,1.44451,2.25,1.50
2016.01.11 07:01:22.899,1.44416,1.44451,2.25,1.12
2016.01.11 07:01:23.051,1.4442,1.44457,2.25,1.75
2016.01.11 07:01:23.203,1.44425,1.44462,1.75,1.75
2016.01.11 07:01:23.255,1.4443,1.44462,2.25,1.37
2016.01.11 07:01:23.306,1.44431,1.44462,1.75,1.00
2016.01.11 07:01:23.357,1.44433,1.44467,2.25,1.75
2016.01.11 07:01:23.560,1.44431,1.44468,2.25,1.12
2016.01.11 07:01:23.633,1.4443,1.44468,2.25,1.00
2016.01.11 07:01:23.698,1.44431,1.44471,1.75,1.50
2016.01.11 07:01:24.315,1.44431,1.44473,1.75,1.00
2016.01.11 07:01:24.366,1.44436,1.44473,1.00,1.00
2016.01.11 07:01:24.670,1.44436,1.44474,1.50,1.50
2016.01.11 07:01:25.073,1.44436,1.44476,1.37,1.00
2016.01.11 07:01:25.174,1.44439,1.44478,1.37,1.00
2016.01.11 07:01:25.586,1.44446,1.44479,1.00,1.00
2016.01.11 07:01:25.645,1.44446,1.44486,1.00,1.50
2016.01.11 07:01:25.848,1.44445,1.44483,1.75,1.00
2016.01.11 07:01:26.421,1.44443,1.44485,1.12,1.00
2016.01.11 07:01:26.937,1.44442,1.44483,1.12,1.00
2016.01.11 07:01:27.241,1.44443,1.44481,1.12,1.00
2016.01.11 07:01:27.766,1.44439,1.4448,1.75,1.00
2016.01.11 07:01:27.947,1.44439,1.44475,1.37,1.00
2016.01.11 07:01:28.214,1.44434,1.44473,1.12,1.00
2016.01.11 07:01:28.783,1.44434,1.44472,1.12,1.00
2016.01.11 07:01:29.037,1.44434,1.44472,1.12,1.00
2016.01.11 07:01:29.920,1.44434,1.44476,1.12,1.00
2016.01.11 07:01:30.022,1.44434,1.44467,1.12,1.00
2016.01.11 07:01:30.174,1.44427,1.44467,1.75,1.00
2016.01.11 07:01:30.278,1.44427,1.44465,1.75,1.00
2016.01.11 07:01:30.380,1.44427,1.44467,1.75,1.00
2016.01.11 07:01:30.829,1.44426,1.44465,1.12,1.00
2016.01.11 07:01:31.334,1.44426,1.44466,1.12,1.00
2016.01.11 07:01:32.878,1.44429,1.44466,1.00,1.50
2016.01.11 07:01:33.207,1.44427,1.44461,1.12,1.00
2016.01.11 07:01:33.708,1.44424,1.44462,1.50,1.00
2016.01.11 07:01:34.061,1.44424,1.44462,1.75,1.00
2016.01.11 07:01:34.613,1.4442,1.44458,1.12,1.00
2016.01.11 07:01:34.817,1.4442,1.4446,1.12,1.50
2016.01.11 07:01:35.074,1.44422,1.44458,1.12,1.00
2016.01.11 07:01:35.328,1.44414,1.44453,1.12,1.00
2016.01.11 07:01:35.666,1.44414,1.4445,1.12,1.00
2016.01.11 07:01:35.767,1.44414,1.44453,1.12,1.50
2016.01.11 07:01:36.022,1.44414,1.4445,1.12,1.00
2016.01.11 07:01:36.561,1.44414,1.44449,1.12,1.00
2016.01.11 07:01:37.068,1.44418,1.44448,1.50,1.00
2016.01.11 07:01:37.424,1.44411,1.4445,1.75,1.00
2016.01.11 07:01:37.780,1.44418,1.44453,1.37,1.00
2016.01.11 07:01:37.831,1.44418,1.44456,1.12,1.00
2016.01.11 07:01:38.344,1.44418,1.44458,1.12,1.00
2016.01.11 07:01:39.012,1.44418,1.44457,1.12,1.00
2016.01.11 07:01:39.786,1.4442,1.44458,1.12,1.00
2016.01.11 07:01:39.938,1.4442,1.4446,1.75,1.00
2016.01.11 07:01:40.040,1.4442,1.4446,1.37,1.00
2016.01.11 07:01:40.147,1.4442,1.44462,1.37,1.50
2016.01.11 07:01:40.696,1.44421,1.44461,1.37,1.00
2016.01.11 07:01:40.950,1.44423,1.44464,1.37,1.00
2016.01.11 07:01:41.103,1.44424,1.44464,1.75,1.00
2016.01.11 07:01:41.255,1.44427,1.44467,1.00,1.00
2016.01.11 07:01:41.912,1.44428,1.44467,1.00,1.00
2016.01.11 07:01:42.014,1.44428,1.44467,1.75,1.00
2016.01.11 07:01:42.560,1.44431,1.44468,1.37,1.00
2016.01.11 07:01:43.961,1.44431,1.44469,1.37,1.00
2016.01.11 07:01:44.265,1.44431,1.44471,1.87,1.00
2016.01.11 07:01:44.367,1.44431,1.44471,3.00,1.00
2016.01.11 07:01:44.468,1.44437,1.44475,1.00,1.00
2016.01.11 07:01:44.823,1.44437,1.44477,1.00,1.00
2016.01.11 07:01:45.019,1.44437,1.44479,1.50,1.00
2016.01.11 07:01:45.122,1.44441,1.44479,1.12,1.00
2016.01.11 07:01:45.274,1.44446,1.44484,1.37,1.87
2016.01.11 07:01:45.528,1.44449,1.44486,1.00,1.00
2016.01.11 07:01:45.935,1.44449,1.4449,1.50,1.00
2016.01.11 07:01:46.088,1.44451,1.44491,1.00,1.00
2016.01.11 07:01:46.393,1.44451,1.44492,1.75,1.00
2016.01.11 07:01:46.748,1.44454,1.44492,1.50,1.00
2016.01.11 07:01:47.105,1.44457,1.44493,1.37,1.00
2016.01.11 07:01:47.409,1.44458,1.44496,1.12,1.00
2016.01.11 07:01:47.511,1.44458,1.44499,1.12,1.00
2016.01.11 07:01:48.034,1.44463,1.44503,1.12,1.00
2016.01.11 07:01:48.333,1.44462,1.44505,1.75,1.00
2016.01.11 07:01:48.636,1.44465,1.44502,1.00,1.00
2016.01.11 07:01:48.788,1.44462,1.44502,1.87,1.00
2016.01.11 07:01:49.212,1.44459,1.44504,1.75,1.50
2016.01.11 07:01:49.516,1.44459,1.44499,1.75,1.50
2016.01.11 07:01:49.754,1.44459,1.44501,1.75,1.50
2016.01.11 07:01:50.021,1.4446,1.44503,2.62,1.87
2016.01.11 07:01:50.122,1.4446,1.44501,2.62,1.00
2016.01.11 07:01:50.481,1.44462,1.44501,1.12,1.00
2016.01.11 07:01:50.532,1.44462,1.44503,1.12,1.87
2016.01.11 07:01:50.785,1.44461,1.44501,2.25,1.37
2016.01.11 07:01:51.289,1.44462,1.445,2.62,1.75
2016.01.11 07:01:58.665,1.44464,1.44502,2.25,1.75
2016.01.11 07:01:58.972,1.44466,1.44506,2.25,1.75
2016.01.11 07:02:00.324,1.44464,1.44503,2.25,3.00
2016.01.11 07:02:00.375,1.44462,1.44498,2.25,1.75
2016.01.11 07:02:00.528,1.44461,1.44498,2.25,1.75
2016.01.11 07:02:00.579,1.4446,1.44498,1.12,1.75
2016.01.11 07:02:01.025,1.44455,1.44492,4.50,1.37
2016.01.11 07:02:01.543,1.44455,1.44494,3.00,1.75
2016.01.11 07:02:02.361,1.44458,1.44497,2.25,2.25
2016.01.11 07:02:02.863,1.44458,1.44498,2.25,3.00
2016.01.11 07:02:03.829,1.4446,1.445,2.25,3.00
2016.01.11 07:02:03.881,1.44467,1.44495,1.00,1.00
2016.01.11 07:02:06.410,1.44467,1.44494,1.00,1.00
2016.01.11 07:02:06.612,1.4446,1.44494,2.25,1.37
2016.01.11 07:02:06.663,1.44463,1.44491,1.00,1.00
2016.01.11 07:02:10.423,1.44461,1.44493,2.25,1.37
2016.01.11 07:02:10.660,1.44463,1.44496,2.25,1.12
2016.01.11 07:02:10.896,1.44468,1.44502,2.25,1.37
2016.01.11 07:02:10.947,1.4447,1.44509,3.00,1.75
2016.01.11 07:02:10.998,1.44473,1.44509,2.25,1.75
2016.01.11 07:02:11.048,1.44474,1.44509,2.25,1.75
2016.01.11 07:02:11.357,1.44477,1.44513,2.25,1.75
2016.01.11 07:02:11.408,1.44477,1.44513,2.25,1.75
2016.01.11 07:02:11.460,1.44482,1.44513,2.25,1.37
2016.01.11 07:02:11.757,1.44489,1.44514,1.00,1.00
2016.01.11 07:02:11.947,1.4448,1.44514,2.25,1.50
2016.01.11 07:02:12.457,1.4448,1.44512,2.25,1.00
2016.01.11 07:02:13.062,1.4448,1.44515,2.25,1.75
2016.01.11 07:02:13.367,1.44476,1.44512,2.25,1.50
2016.01.11 07:02:14.497,1.4448,1.44511,2.25,1.00
2016.01.11 07:02:14.711,1.4448,1.44514,2.25,1.37
2016.01.11 07:02:16.147,1.4448,1.44512,2.25,1.00
2016.01.11 07:02:17.979,1.4448,1.44514,2.25,1.37
2016.01.11 07:02:23.492,1.4448,1.44512,2.25,1.00
2016.01.11 07:02:24.538,1.4448,1.44513,2.25,1.12
2016.01.11 07:02:25.085,1.4448,1.44512,2.25,1.00
2016.01.11 07:02:26.423,1.4448,1.44514,2.25,1.37
2016.01.11 07:02:26.816,1.4448,1.44511,2.25,1.00
2016.01.11 07:02:28.315,1.4448,1.44512,2.25,1.00
2016.01.11 07:02:29.015,1.44478,1.44508,2.25,1.00
2016.01.11 07:02:29.066,1.44476,1.44508,2.25,1.00
2016.01.11 07:02:29.640,1.44476,1.44509,2.25,1.12
2016.01.11 07:02:30.783,1.44478,1.44514,2.25,1.75
2016.01.11 07:02:30.834,1.44485,1.44513,1.00,1.00
2016.01.11 07:02:31.514,1.44485,1.44512,1.00,1.00
2016.01.11 07:02:32.724,1.44485,1.44513,1.00,1.00
2016.01.11 07:02:34.195,1.44482,1.44516,2.25,1.75
2016.01.11 07:02:34.246,1.44482,1.44517,2.25,1.75
2016.01.11 07:02:34.401,1.44481,1.44517,2.25,1.75
2016.01.11 07:02:34.452,1.44485,1.44513,1.00,1.00
2016.01.11 07:02:34.705,1.44482,1.44517,2.25,1.75
2016.01.11 07:02:34.756,1.44482,1.44517,2.25,1.50
2016.01.11 07:02:36.418,1.44482,1.44514,2.25,1.00
2016.01.11 07:02:36.964,1.44482,1.44513,2.25,1.00
2016.01.11 07:02:39.407,1.44482,1.44514,2.25,1.00
2016.01.11 07:02:40.655,1.44482,1.44513,2.25,1.00
2016.01.11 07:02:40.708,1.4448,1.44513,2.25,1.12
2016.01.11 07:02:40.759,1.44485,1.44513,1.00,1.50
2016.01.11 07:02:41.218,1.44485,1.4451,1.00,1.00
2016.01.11 07:02:41.959,1.44485,1.44513,1.00,1.50
2016.01.11 07:02:44.044,1.44485,1.44512,1.00,1.00
2016.01.11 07:02:44.559,1.44485,1.44513,1.00,1.00
2016.01.11 07:02:45.088,1.44485,1.44512,1.00,1.00
2016.01.11 07:02:46.637,1.44485,1.44511,1.00,1.00
2016.01.11 07:02:46.789,1.44485,1.44513,1.00,1.50
2016.01.11 07:02:47.190,1.44485,1.44511,1.00,1.00
2016.01.11 07:02:47.698,1.44485,1.44513,1.00,1.00
2016.01.11 07:02:50.920,1.44478,1.44514,2.25,1.75
2016.01.11 07:02:50.971,1.44476,1.44514,2.25,1.75
2016.01.11 07:02:53.311,1.44476,1.44508,2.25,1.00
2016.01.11 07:02:53.700,1.44479,1.44514,2.25,1.50
2016.01.11 07:02:53.751,1.44486,1.44514,1.00,1.50
2016.01.11 07:02:54.164,1.44483,1.44519,2.25,1.75
2016.01.11 07:02:54.266,1.44484,1.44519,2.25,1.12
2016.01.11 07:02:54.513,1.44484,1.44519,2.25,1.50
2016.01.11 07:02:54.565,1.44481,1.44519,2.25,1.75
2016.01.11 07:02:54.991,1.44483,1.4452,2.25,2.25
2016.01.11 07:02:55.244,1.44495,1.44523,1.00,1.00
2016.01.11 07:02:55.396,1.44494,1.44528,2.25,1.37
2016.01.11 07:02:55.447,1.44501,1.44528,1.00,1.00
2016.01.11 07:02:56.005,1.44501,1.44529,1.00,1.00
2016.01.11 07:02:59.191,1.44494,1.4453,2.25,1.75
2016.01.11 07:02:59.242,1.44498,1.44526,1.00,1.00
2016.01.11 07:03:01.310,1.44491,1.44526,2.25,1.50
2016.01.11 07:03:01.361,1.44488,1.44526,2.25,1.75
2016.01.11 07:03:05.606,1.44488,1.44521,2.25,1.50
2016.01.11 07:03:05.656,1.44484,1.44521,2.25,1.75
2016.01.11 07:03:06.914,1.44484,1.44517,2.25,1.37
2016.01.11 07:03:06.965,1.44481,1.44517,2.25,1.75
2016.01.11 07:03:08.382,1.44486,1.44519,1.12,1.75
2016.01.11 07:03:10.479,1.44486,1.44518,1.12,1.75
2016.01.11 07:03:11.722,1.44486,1.44521,1.12,3.75
2016.01.11 07:03:11.874,1.4449,1.44521,1.37,2.25
2016.01.11 07:03:13.500,1.44487,1.44517,1.12,1.50
2016.01.11 07:03:14.081,1.44487,1.44515,1.37,1.00
2016.01.11 07:03:20.259,1.44487,1.44515,1.00,1.00
2016.01.11 07:03:21.835,1.44477,1.44515,2.25,1.75
2016.01.11 07:03:27.105,1.44481,1.44512,2.25,1.00
2016.01.11 07:03:27.156,1.44481,1.44518,2.25,1.75
2016.01.11 07:03:31.094,1.4448,1.44518,2.25,2.25
2016.01.11 07:03:31.627,1.44479,1.44513,2.25,1.50
2016.01.11 07:03:34.078,1.44479,1.44511,2.25,1.00
2016.01.11 07:03:34.231,1.44474,1.44502,1.12,1.00
2016.01.11 07:03:40.183,1.44474,1.44501,1.00,1.00
2016.01.11 07:03:41.329,1.44467,1.44501,2.25,1.37
2016.01.11 07:03:41.380,1.44464,1.44501,2.25,1.75
2016.01.11 07:03:47.337,1.44467,1.44501,2.25,1.50
2016.01.11 07:03:47.389,1.44467,1.44501,2.25,1.12
2016.01.11 07:03:48.046,1.44471,1.44504,2.25,1.37
2016.01.11 07:03:48.097,1.44471,1.44504,2.25,1.00
2016.01.11 07:03:51.382,1.44471,1.44503,2.25,1.00
2016.01.11 07:03:51.484,1.44467,1.44503,2.25,1.75
2016.01.11 07:03:52.010,1.44467,1.445,2.25,1.00
2016.01.11 07:03:54.646,1.44466,1.445,2.25,1.37
2016.01.11 07:03:54.698,1.44471,1.44499,1.00,1.00
2016.01.11 07:03:58.305,1.44467,1.44499,2.25,1.00
2016.01.11 07:03:59.140,1.44467,1.445,2.25,1.00
2016.01.11 07:03:59.601,1.44467,1.44502,2.25,1.87
2016.01.11 07:04:00.131,1.44467,1.44501,2.25,1.00
2016.01.11 07:04:01.437,1.44467,1.445,2.25,1.00
2016.01.11 07:04:01.850,1.44467,1.44502,2.25,1.12
2016.01.11 07:04:02.314,1.44474,1.44509,2.25,1.12
2016.01.11 07:04:02.567,1.4448,1.44517,2.25,1.12
2016.01.11 07:04:02.719,1.44485,1.44519,2.25,1.37
2016.01.11 07:04:03.023,1.44496,1.44521,1.00,1.37
2016.01.11 07:04:03.226,1.44499,1.44527,1.00,1.12
2016.01.11 07:04:03.328,1.44503,1.44529,1.00,1.00
2016.01.11 07:04:03.379,1.44503,1.44531,1.00,1.00
2016.01.11 07:04:03.430,1.44506,1.44534,1.00,1.00
2016.01.11 07:04:03.736,1.44503,1.44537,2.25,1.50
2016.01.11 07:04:05.098,1.44507,1.44544,2.25,1.75
2016.01.11 07:04:14.308,1.44507,1.4454,2.25,1.50
2016.01.11 07:04:14.359,1.44503,1.44535,2.25,1.00
2016.01.11 07:04:14.461,1.44501,1.44535,2.25,1.37
2016.01.11 07:04:14.614,1.44498,1.44531,1.12,1.50
2016.01.11 07:04:16.055,1.44497,1.44533,1.12,1.37
2016.01.11 07:04:16.107,1.44497,1.44533,1.37,1.00
2016.01.11 07:04:16.647,1.44497,1.44533,1.37,1.00
2016.01.11 07:04:16.749,1.44497,1.44535,1.37,1.50
2016.01.11 07:04:17.286,1.44497,1.44534,1.37,1.00
2016.01.11 07:04:18.512,1.44497,1.44535,1.37,1.00
2016.01.11 07:04:18.613,1.44497,1.44535,1.00,1.00
2016.01.11 07:04:19.828,1.44497,1.44536,1.00,1.00
2016.01.11 07:04:19.981,1.44497,1.44539,1.50,1.00
2016.01.11 07:04:20.349,1.44496,1.44541,1.75,2.25
2016.01.11 07:04:20.501,1.44493,1.44535,3.37,1.00
2016.01.11 07:04:21.361,1.44493,1.44536,3.37,1.00
2016.01.11 07:04:21.941,1.44494,1.44535,1.12,1.00
2016.01.11 07:04:22.154,1.4449,1.4453,1.50,1.50
2016.01.11 07:04:22.207,1.44486,1.44527,1.75,1.00
2016.01.11 07:04:22.359,1.44489,1.44527,1.12,1.00
2016.01.11 07:04:22.410,1.44489,1.44525,1.12,1.00
2016.01.11 07:04:22.512,1.44489,1.44527,1.12,1.50
2016.01.11 07:04:23.438,1.44489,1.44526,1.12,1.00
2016.01.11 07:04:24.018,1.44489,1.44527,1.12,1.50
2016.01.11 07:04:26.984,1.44489,1.44527,1.50,1.00
2016.01.11 07:04:29.210,1.44489,1.44529,1.50,1.00
2016.01.11 07:04:29.807,1.44489,1.44528,1.75,1.00
2016.01.11 07:04:30.532,1.44489,1.4453,1.75,1.50
2016.01.11 07:04:31.078,1.44489,1.44529,1.75,1.00
2016.01.11 07:04:31.934,1.44489,1.44528,1.75,1.00
2016.01.11 07:04:33.942,1.44489,1.4453,3.00,1.50
2016.01.11 07:04:35.507,1.44491,1.44528,1.87,1.00
2016.01.11 07:04:35.825,1.44491,1.44532,1.87,1.00
2016.01.11 07:04:36.280,1.44496,1.44535,1.00,1.00
2016.01.11 07:04:36.432,1.44496,1.44536,1.50,1.00
2016.01.11 07:04:36.777,1.44498,1.44538,1.87,2.25
2016.01.11 07:04:37.189,1.44498,1.44535,1.37,1.00
2016.01.11 07:04:37.546,1.44498,1.44533,1.37,1.00
2016.01.11 07:04:38.047,1.44495,1.44534,1.50,1.00
2016.01.11 07:04:38.551,1.44495,1.44533,1.50,1.00
2016.01.11 07:04:38.967,1.44495,1.44533,1.45,1.00
2016.01.11 07:04:39.018,1.44497,1.44533,1.70,1.00
2016.01.11 07:04:39.238,1.44498,1.44535,1.07,1.00
2016.01.11 07:04:39.340,1.44498,1.44535,1.07,1.00
2016.01.11 07:04:39.493,1.44497,1.4453,1.07,1.00
2016.01.11 07:04:39.800,1.44493,1.44528,1.70,1.00
2016.01.11 07:04:40.104,1.44499,1.44532,2.25,1.12
2016.01.11 07:04:41.056,1.44502,1.44534,2.25,1.87
2016.01.11 07:04:41.562,1.44502,1.44539,2.25,1.75
2016.01.11 07:04:42.529,1.44501,1.44536,2.25,1.50
2016.01.11 07:04:42.580,1.44499,1.44536,2.25,1.75
2016.01.11 07:04:42.997,1.44498,1.44533,3.00,1.50
2016.01.11 07:04:43.050,1.44498,1.44533,1.75,1.75
2016.01.11 07:04:43.151,1.44499,1.44533,2.25,1.75
2016.01.11 07:04:43.754,1.44499,1.44536,2.25,1.75
2016.01.11 07:04:44.671,1.44508,1.44536,1.00,1.00
2016.01.11 07:04:45.738,1.44504,1.44538,2.25,1.37
2016.01.11 07:04:45.789,1.44504,1.44538,2.25,1.00
2016.01.11 07:04:45.841,1.44504,1.4454,2.25,1.12
2016.01.11 07:04:50.265,1.44509,1.44545,2.25,1.75
2016.01.11 07:04:50.316,1.44516,1.44544,1.00,1.00
2016.01.11 07:04:51.690,1.44514,1.44549,2.25,1.50
2016.01.11 07:05:00.407,1.44509,1.44548,3.00,1.75
2016.01.11 07:05:00.621,1.44512,1.4454,1.00,1.00
2016.01.11 07:05:00.875,1.44506,1.4454,1.12,3.00
2016.01.11 07:05:00.927,1.44506,1.4454,1.37,3.00
2016.01.11 07:05:00.978,1.44506,1.44537,1.00,1.75
2016.01.11 07:05:01.080,1.44497,1.44534,1.75,1.75
2016.01.11 07:05:01.131,1.44497,1.44534,1.75,1.75
2016.01.11 07:05:16.459,1.44494,1.44533,1.75,2.25
2016.01.11 07:05:17.042,1.44496,1.44534,2.25,3.00
2016.01.11 07:05:18.732,1.44494,1.44531,2.25,2.25
2016.01.11 07:05:18.782,1.44492,1.44531,2.25,2.25
2016.01.11 07:05:28.965,1.44494,1.44531,2.25,1.75
2016.01.11 07:05:29.016,1.44494,1.44531,2.25,1.75
2016.01.11 07:05:37.871,1.44499,1.44535,2.25,1.75
2016.01.11 07:05:37.922,1.44506,1.44534,1.00,1.00
2016.01.11 07:05:38.277,1.44502,1.44537,2.25,2.25
2016.01.11 07:05:38.328,1.44509,1.44537,1.00,2.25
2016.01.11 07:05:39.082,1.44502,1.44535,2.25,1.37
2016.01.11 07:05:39.134,1.44499,1.44535,2.25,1.75
2016.01.11 07:05:41.531,1.44501,1.44537,2.25,1.75
2016.01.11 07:05:41.582,1.44502,1.44537,2.25,1.75
2016.01.11 07:05:52.246,1.44502,1.44539,2.25,1.75
2016.01.11 07:05:52.348,1.44499,1.44539,3.00,3.00
2016.01.11 07:05:54.880,1.44499,1.44533,2.25,2.25
2016.01.11 07:05:54.931,1.44494,1.44531,2.25,1.75
2016.01.11 07:06:01.661,1.44497,1.44534,1.75,3.00
2016.01.11 07:06:01.763,1.44498,1.44538,3.00,3.00
2016.01.11 07:06:10.317,1.44502,1.44538,1.75,2.25
2016.01.11 07:06:10.368,1.44505,1.44541,1.75,1.75
2016.01.11 07:06:10.420,1.44507,1.44541,2.25,1.37
2016.01.11 07:06:10.472,1.44508,1.44541,2.25,1.12
2016.01.11 07:06:11.383,1.44508,1.44545,2.25,1.75
2016.01.11 07:06:11.485,1.44506,1.44545,1.75,3.00
2016.01.11 07:06:12.221,1.44508,1.44545,2.25,3.00
2016.01.11 07:06:12.272,1.44515,1.44543,1.00,1.00
2016.01.11 07:06:14.027,1.44508,1.44542,2.25,1.37
2016.01.11 07:06:14.078,1.44505,1.44542,1.75,1.75
2016.01.11 07:06:14.231,1.44504,1.44539,2.25,1.75
2016.01.11 07:06:14.282,1.44499,1.44539,3.00,1.75
2016.01.11 07:06:15.196,1.44499,1.44535,1.75,2.25
2016.01.11 07:06:15.905,1.44495,1.44534,1.75,2.25
2016.01.11 07:06:16.008,1.44495,1.44532,1.75,2.25
2016.01.11 07:06:17.714,1.44495,1.44532,1.75,2.25
2016.01.11 07:06:17.816,1.44496,1.44535,1.75,3.00
2016.01.11 07:06:18.286,1.44493,1.4453,1.75,1.75
2016.01.11 07:06:18.591,1.4449,1.44529,1.75,2.25
2016.01.11 07:06:21.135,1.44489,1.44526,2.25,3.00
2016.01.11 07:06:21.186,1.44491,1.44519,1.00,1.00
2016.01.11 07:06:24.821,1.44488,1.44526,2.25,2.25
2016.01.11 07:06:24.923,1.44497,1.44525,1.00,1.00
2016.01.11 07:06:25.024,1.44495,1.44534,2.25,1.75
2016.01.11 07:06:32.527,1.44498,1.44534,2.25,1.75
2016.01.11 07:06:32.578,1.44498,1.44535,3.00,1.12
2016.01.11 07:06:33.221,1.44504,1.4454,1.50,1.75
2016.01.11 07:06:33.272,1.44504,1.4454,1.75,1.75
2016.01.11 07:06:33.425,1.44501,1.4454,1.75,1.75
2016.01.11 07:06:33.477,1.44501,1.4454,1.75,1.75
2016.01.11 07:06:33.528,1.44502,1.4454,2.25,1.75
2016.01.11 07:06:34.113,1.44502,1.4454,2.25,1.75
2016.01.11 07:06:40.653,1.44505,1.44545,2.25,3.00
2016.01.11 07:06:41.763,1.4451,1.44548,1.75,2.25
2016.01.11 07:06:44.788,1.44504,1.44544,1.75,2.25
2016.01.11 07:06:45.047,1.44504,1.44542,1.75,2.25
2016.01.11 07:06:45.098,1.44504,1.44542,1.75,2.25
2016.01.11 07:06:45.891,1.44503,1.44541,2.25,1.75
2016.01.11 07:07:02.692,1.44512,1.4454,1.00,1.00
2016.01.11 07:07:02.995,1.44515,1.44543,1.00,1.00
2016.01.11 07:07:09.092,1.44509,1.44546,1.75,1.75
2016.01.11 07:07:09.143,1.44512,1.4454,1.00,1.00
2016.01.11 07:07:12.630,1.44509,1.44544,2.25,2.25
2016.01.11 07:07:14.102,1.44508,1.44544,2.25,2.25
2016.01.11 07:07:14.153,1.44512,1.4454,1.00,1.00
2016.01.11 07:07:26.045,1.44515,1.44542,1.00,1.50
2016.01.11 07:07:26.552,1.44512,1.44542,2.25,1.00
2016.01.11 07:07:26.603,1.44512,1.44545,2.25,1.12
2016.01.11 07:07:26.654,1.44514,1.44548,2.25,1.00
2016.01.11 07:07:26.756,1.44518,1.44553,2.25,2.25
2016.01.11 07:07:27.057,1.44522,1.44553,2.25,1.00
2016.01.11 07:07:27.966,1.44522,1.44555,2.25,1.12
2016.01.11 07:07:28.831,1.44524,1.44558,2.25,1.00
2016.01.11 07:07:29.376,1.44524,1.44562,2.25,1.75
2016.01.11 07:07:39.076,1.44527,1.44563,2.25,1.75
2016.01.11 07:07:39.178,1.44534,1.44562,1.00,1.00
2016.01.11 07:07:39.280,1.44529,1.44565,3.00,1.37
2016.01.11 07:07:39.381,1.44531,1.44566,2.25,1.37
2016.01.11 07:07:39.802,1.44534,1.4457,2.25,1.50
2016.01.11 07:07:39.853,1.44542,1.4457,1.00,1.50
2016.01.11 07:07:41.677,1.44542,1.44569,1.00,1.00
2016.01.11 07:07:42.907,1.44542,1.4457,1.00,1.50
2016.01.11 07:07:44.220,1.44542,1.44568,1.00,1.00
2016.01.11 07:07:45.146,1.44542,1.4457,1.00,1.50
2016.01.11 07:07:46.416,1.44537,1.44575,2.25,1.75
2016.01.11 07:07:46.735,1.44541,1.44575,1.75,1.75
2016.01.11 07:07:47.057,1.44543,1.44577,2.25,1.37
2016.01.11 07:07:47.612,1.44543,1.44575,2.25,1.00
2016.01.11 07:07:48.116,1.44543,1.44576,2.25,1.12
2016.01.11 07:07:48.512,1.44543,1.44574,2.25,1.00
2016.01.11 07:07:48.696,1.44539,1.44574,2.25,1.75
2016.01.11 07:07:54.462,1.44539,1.44571,2.25,1.00
2016.01.11 07:07:54.564,1.44542,1.4457,1.00,1.00
2016.01.11 07:07:55.006,1.44534,1.4457,2.25,1.50
2016.01.11 07:07:55.108,1.44532,1.44569,3.75,1.75
2016.01.11 07:08:00.461,1.44532,1.44569,2.25,3.75
2016.01.11 07:08:00.512,1.44529,1.44566,2.25,1.75
2016.01.11 07:08:00.936,1.44529,1.44568,2.25,3.00
2016.01.11 07:08:01.247,1.44535,1.44568,1.50,1.75
2016.01.11 07:08:02.149,1.44537,1.4457,1.50,2.25
2016.01.11 07:08:02.200,1.44537,1.44571,1.75,1.75
2016.01.11 07:08:03.565,1.44534,1.44568,2.25,1.75
2016.01.11 07:08:03.616,1.44533,1.44568,1.75,2.25
2016.01.11 07:08:03.667,1.44531,1.44568,2.25,2.25
2016.01.11 07:08:03.718,1.4453,1.44566,1.75,1.75
2016.01.11 07:08:04.461,1.44528,1.44563,2.25,2.25
2016.01.11 07:08:04.512,1.44525,1.44563,1.75,3.00
2016.01.11 07:08:05.535,1.44524,1.4456,3.00,1.75
2016.01.11 07:08:05.587,1.44524,1.44559,1.50,2.25
2016.01.11 07:08:05.840,1.44519,1.44557,3.37,2.25
2016.01.11 07:08:05.891,1.44516,1.44555,2.25,2.25
2016.01.11 07:08:06.144,1.44519,1.44554,1.75,1.75
2016.01.11 07:08:06.195,1.4452,1.44554,1.75,1.75
2016.01.11 07:08:08.260,1.44521,1.44558,3.00,1.50
2016.01.11 07:08:08.311,1.44522,1.44558,2.25,1.50
2016.01.11 07:08:13.461,1.44522,1.44557,2.25,1.50
2016.01.11 07:08:13.512,1.4452,1.44557,1.75,1.75
2016.01.11 07:08:20.962,1.44519,1.44556,3.00,1.50
2016.01.11 07:08:21.013,1.44521,1.44556,2.25,1.50
2016.01.11 07:08:23.895,1.44521,1.44556,2.25,1.75
2016.01.11 07:08:23.946,1.44517,1.44557,3.00,2.25
2016.01.11 07:08:28.264,1.4452,1.44559,3.00,1.75
2016.01.11 07:08:28.355,1.4452,1.44559,3.00,1.75
2016.01.11 07:08:28.458,1.44527,1.44563,1.37,2.25
2016.01.11 07:08:28.509,1.44528,1.44565,1.75,1.75
2016.01.11 07:08:29.956,1.44527,1.44568,3.00,3.00
2016.01.11 07:08:30.007,1.44535,1.44563,1.00,1.00
2016.01.11 07:08:32.129,1.44527,1.44565,3.00,2.25
2016.01.11 07:08:32.230,1.44525,1.44564,2.25,2.25
2016.01.11 07:08:32.467,1.44524,1.44559,3.00,1.50
2016.01.11 07:08:32.518,1.44522,1.44559,1.12,1.75
2016.01.11 07:08:34.332,1.44524,1.4456,2.25,1.75
2016.01.11 07:08:34.433,1.44524,1.44561,2.25,1.75
2016.01.11 07:08:35.857,1.44528,1.44561,2.25,1.50
2016.01.11 07:08:36.409,1.44528,1.44565,2.25,2.25
2016.01.11 07:08:58.386,1.4453,1.44558,1.00,1.00
2016.01.11 07:09:04.604,1.44527,1.44565,2.25,1.75
2016.01.11 07:09:09.614,1.44529,1.44566,1.12,3.00
2016.01.11 07:09:09.700,1.44529,1.44564,1.12,2.25
2016.01.11 07:09:12.718,1.44524,1.44563,3.37,2.25
2016.01.11 07:09:12.769,1.44524,1.44562,1.87,3.00
2016.01.11 07:09:12.820,1.44524,1.44557,1.50,2.25
2016.01.11 07:09:12.871,1.44524,1.4455,1.12,1.00
2016.01.11 07:09:12.922,1.44522,1.4455,1.12,1.00
2016.01.11 07:09:14.432,1.44525,1.4455,1.00,1.00
2016.01.11 07:09:15.074,1.44526,1.4455,1.00,1.00
2016.01.11 07:09:18.386,1.44522,1.4455,1.50,1.00
2016.01.11 07:09:19.848,1.44522,1.4455,1.50,1.00
2016.01.11 07:09:21.382,1.44526,1.4455,1.37,1.00
2016.01.11 07:09:23.380,1.44526,1.4455,1.12,1.00
2016.01.11 07:09:23.884,1.44526,1.44547,1.12,1.00
2016.01.11 07:09:25.864,1.44521,1.44547,1.37,1.00
2016.01.11 07:09:25.965,1.44526,1.44547,1.00,1.00
2016.01.11 07:09:26.194,1.4452,1.44547,1.37,1.00
2016.01.11 07:09:26.346,1.44521,1.44547,1.00,1.00
2016.01.11 07:09:26.397,1.44521,1.44549,1.00,2.25
2016.01.11 07:09:26.448,1.4451,1.44549,1.75,3.00
2016.01.11 07:09:26.600,1.4451,1.44545,1.75,2.25
2016.01.11 07:09:26.955,1.44506,1.4454,1.37,1.75
2016.01.11 07:09:27.006,1.44506,1.4454,1.37,1.75
2016.01.11 07:09:27.057,1.44502,1.44539,1.12,3.00
2016.01.11 07:09:27.372,1.44501,1.44537,2.25,2.25
2016.01.11 07:09:28.587,1.44501,1.44534,1.12,2.25
2016.01.11 07:09:30.563,1.44496,1.4453,1.37,1.75
2016.01.11 07:09:30.615,1.44493,1.44527,1.12,1.75
2016.01.11 07:09:30.666,1.4449,1.44522,1.87,1.37
2016.01.11 07:09:30.748,1.44491,1.4452,1.00,1.75
2016.01.11 07:09:30.800,1.44491,1.44509,1.00,1.00
2016.01.11 07:09:30.851,1.44481,1.44509,1.00,1.00
2016.01.11 07:09:31.003,1.4448,1.44509,1.00,2.25
2016.01.11 07:09:31.156,1.44476,1.44509,1.00,2.25
2016.01.11 07:09:31.704,1.44472,1.44509,1.50,3.00
2016.01.11 07:09:31.806,1.4447,1.44504,1.87,2.25
2016.01.11 07:09:33.377,1.44471,1.44508,1.75,2.25
2016.01.11 07:09:33.890,1.44476,1.44508,1.00,2.25
2016.01.11 07:09:34.194,1.4448,1.44512,1.00,2.25
2016.01.11 07:09:34.349,1.44478,1.44512,1.00,2.25
2016.01.11 07:09:35.051,1.44477,1.44512,1.12,2.25
2016.01.11 07:09:35.432,1.44479,1.44512,1.00,2.25
2016.01.11 07:09:36.974,1.44478,1.44512,1.00,2.25
2016.01.11 07:09:37.676,1.44476,1.44512,1.50,2.25
2016.01.11 07:09:37.982,1.44475,1.44508,1.12,2.25
2016.01.11 07:09:40.052,1.44476,1.44508,1.00,2.25
2016.01.11 07:09:40.357,1.44476,1.44498,1.00,1.00
2016.01.11 07:09:40.864,1.44475,1.44498,1.00,1.00
2016.01.11 07:09:41.016,1.44476,1.44507,1.00,2.25
2016.01.11 07:09:41.208,1.44476,1.44511,1.75,2.25
2016.01.11 07:09:41.310,1.44482,1.44511,1.00,2.25
2016.01.11 07:09:41.412,1.4448,1.44511,1.00,2.25
2016.01.11 07:09:41.514,1.44482,1.44515,1.12,2.25
2016.01.11 07:09:41.819,1.44477,1.44508,1.37,2.25
2016.01.11 07:09:41.870,1.44475,1.44508,1.00,2.25
2016.01.11 07:09:41.921,1.44475,1.44501,1.00,2.25
2016.01.11 07:09:42.074,1.44471,1.44501,1.00,2.25
2016.01.11 07:09:42.125,1.44471,1.44497,1.00,2.25
2016.01.11 07:09:42.176,1.44466,1.44497,1.87,2.25
2016.01.11 07:09:42.227,1.44467,1.44495,1.00,1.00
2016.01.11 07:09:43.616,1.44465,1.445,1.00,2.25
2016.01.11 07:09:44.119,1.44462,1.445,1.75,2.25
2016.01.11 07:09:45.233,1.44467,1.44495,1.00,1.00
2016.01.11 07:10:00.394,1.44465,1.445,1.37,2.25
2016.01.11 07:10:00.705,1.44465,1.44498,1.12,2.25
2016.01.11 07:10:01.397,1.44466,1.44498,1.00,2.25
2016.01.11 07:10:02.314,1.44466,1.44498,1.37,2.25
2016.01.11 07:10:02.365,1.44466,1.44502,1.75,2.25
2016.01.11 07:10:13.578,1.44472,1.44502,1.00,2.25
2016.01.11 07:10:13.680,1.44472,1.44505,1.12,2.25
2016.01.11 07:10:17.473,1.44467,1.44502,1.50,2.25
2016.01.11 07:10:17.524,1.44465,1.44501,1.75,2.25
2016.01.11 07:10:22.851,1.44466,1.44501,2.25,2.25
2016.01.11 07:10:22.902,1.44466,1.44504,2.25,2.25
2016.01.11 07:10:24.213,1.44466,1.44501,1.75,2.25
2016.01.11 07:10:24.264,1.44466,1.44501,1.75,2.25
2016.01.11 07:10:29.004,1.44466,1.44502,1.75,2.25
2016.01.11 07:10:29.106,1.44466,1.44504,2.25,2.25
2016.01.11 07:10:30.577,1.44464,1.44498,1.87,3.00
2016.01.11 07:10:30.628,1.44461,1.44497,1.75,2.25
2016.01.11 07:10:30.931,1.44461,1.44495,1.00,2.25
2016.01.11 07:10:31.692,1.44462,1.44495,1.00,2.25
2016.01.11 07:10:32.224,1.4446,1.44495,1.87,2.25
2016.01.11 07:10:33.181,1.44461,1.44495,1.00,2.25
2016.01.11 07:10:38.836,1.44456,1.44494,1.75,1.75
2016.01.11 07:10:40.440,1.44456,1.44491,2.25,2.25
2016.01.11 07:10:40.553,1.44456,1.44491,1.87,2.25
2016.01.11 07:10:40.943,1.44456,1.44488,1.00,2.25
2016.01.11 07:10:41.444,1.44455,1.4448,1.00,1.00
2016.01.11 07:10:41.649,1.44455,1.44491,1.75,3.00
2016.01.11 07:10:42.122,1.44455,1.44489,1.00,2.25
2016.01.11 07:10:46.549,1.44457,1.44485,1.00,1.00
2016.01.11 07:10:46.751,1.44455,1.44491,1.75,1.75
2016.01.11 07:10:46.853,1.44455,1.44491,1.75,1.75
2016.01.11 07:10:46.955,1.44466,1.44494,1.50,1.00
2016.01.11 07:10:48.462,1.44461,1.44496,1.75,2.25
2016.01.11 07:10:50.044,1.44462,1.44496,1.75,1.75
2016.01.11 07:10:50.969,1.44466,1.44503,2.25,1.75
2016.01.11 07:10:51.527,1.44472,1.44505,1.00,1.75
2016.01.11 07:10:51.858,1.44476,1.44505,1.00,1.75
2016.01.11 07:10:54.988,1.44473,1.44501,1.00,1.00
2016.01.11 07:10:55.291,1.4447,1.44498,1.50,1.00
2016.01.11 07:10:55.597,1.44471,1.44508,1.75,3.00
2016.01.11 07:10:56.259,1.44474,1.44508,1.37,2.25
2016.01.11 07:10:56.361,1.44474,1.44509,1.75,1.75
2016.01.11 07:11:01.565,1.44477,1.44513,1.75,3.00
2016.01.11 07:11:02.104,1.44482,1.4451,1.00,1.00
2016.01.11 07:11:05.298,1.44478,1.44506,1.00,1.00
2016.01.11 07:11:05.603,1.44473,1.44508,1.12,2.25
2016.01.11 07:11:08.694,1.44471,1.44505,1.12,2.25
2016.01.11 07:11:16.837,1.44468,1.44508,4.12,2.25
2016.01.11 07:11:17.199,1.44468,1.44505,2.62,2.25
2016.01.11 07:11:19.110,1.44471,1.44505,1.75,2.25
2016.01.11 07:11:19.212,1.44471,1.4451,1.75,3.00
2016.01.11 07:11:19.601,1.44471,1.44507,1.37,3.00
2016.01.11 07:11:19.703,1.44471,1.44506,1.12,2.25
2016.01.11 07:11:35.355,1.44468,1.44505,1.75,2.25
2016.01.11 07:11:36.137,1.44463,1.445,1.12,1.75
2016.01.11 07:11:36.238,1.44463,1.4449,1.12,1.00
2016.01.11 07:11:36.542,1.44465,1.44493,1.00,1.00
2016.01.11 07:11:42.137,1.4446,1.44496,1.75,2.25
2016.01.11 07:11:43.777,1.44459,1.44487,1.00,1.00
2016.01.11 07:11:47.487,1.44457,1.44494,3.00,1.75
2016.01.11 07:11:47.590,1.44458,1.44486,1.50,1.00
2016.01.11 07:11:47.691,1.44457,1.44496,1.75,2.25
2016.01.11 07:11:48.011,1.44457,1.44493,1.50,2.25
2016.01.11 07:11:48.580,1.44458,1.44489,1.00,2.25
2016.01.11 07:11:48.681,1.44452,1.44489,2.25,2.25
2016.01.11 07:11:50.948,1.44456,1.44491,1.37,2.25
2016.01.11 07:11:51.515,1.44455,1.44492,1.75,2.25
2016.01.11 07:11:51.868,1.44458,1.44495,1.75,2.25
2016.01.11 07:11:52.175,1.44459,1.44499,3.75,3.00
2016.01.11 07:11:53.301,1.44463,1.44502,1.75,3.00
2016.01.11 07:11:54.755,1.44464,1.44499,1.75,2.25
2016.01.11 07:11:54.806,1.44464,1.44499,1.75,2.25
2016.01.11 07:11:56.493,1.44469,1.44497,1.00,1.00
2016.01.11 07:11:57.591,1.44466,1.44504,2.25,1.75
2016.01.11 07:11:58.687,1.44466,1.44502,1.75,2.25
2016.01.11 07:12:00.998,1.44463,1.44499,1.75,2.25
2016.01.11 07:12:05.391,1.44457,1.44496,2.25,2.25
2016.01.11 07:12:14.437,1.44457,1.44493,1.50,1.75
2016.01.11 07:12:21.774,1.44451,1.44482,3.75,1.00
2016.01.11 07:12:21.977,1.44446,1.44479,1.87,2.25
2016.01.11 07:12:22.028,1.44446,1.44483,2.25,3.00
2016.01.11 07:12:22.368,1.44445,1.4448,1.50,2.25
2016.01.11 07:12:22.628,1.44449,1.44484,1.12,3.00
2016.01.11 07:12:26.712,1.44446,1.44486,3.00,3.75
2016.01.11 07:12:34.353,1.44448,1.44483,1.50,3.00
2016.01.11 07:12:34.657,1.44443,1.4448,1.75,2.25
2016.01.11 07:12:40.960,1.44442,1.4447,1.50,1.00
2016.01.11 07:12:41.162,1.44438,1.44474,1.50,3.00
2016.01.11 07:12:42.340,1.44436,1.44464,1.00,1.00
2016.01.11 07:12:42.644,1.44433,1.44467,1.50,2.25
2016.01.11 07:12:44.874,1.44426,1.44462,2.55,1.75
2016.01.11 07:12:46.288,1.44424,1.4446,1.75,2.25
2016.01.11 07:12:46.782,1.44424,1.44462,1.75,1.75
2016.01.11 07:12:49.573,1.44424,1.44459,1.75,1.75
2016.01.11 07:12:49.675,1.44424,1.44459,1.75,3.00
2016.01.11 07:12:56.518,1.44426,1.44459,1.50,2.25
2016.01.11 07:12:56.620,1.44428,1.44456,1.00,1.00
2016.01.11 07:13:01.200,1.44423,1.44459,1.75,3.00
2016.01.11 07:13:05.611,1.44426,1.44464,1.75,2.25
2016.01.11 07:13:21.073,1.44428,1.44465,2.25,1.75
2016.01.11 07:13:33.086,1.44431,1.44464,3.75,1.37
2016.01.11 07:13:33.188,1.44431,1.44464,3.00,1.00
2016.01.11 07:13:33.557,1.44431,1.44466,2.25,1.12
2016.01.11 07:13:33.905,1.44434,1.44469,2.25,1.50
2016.01.11 07:13:33.956,1.44441,1.44469,1.00,1.50
2016.01.11 07:13:34.489,1.44441,1.44468,1.00,1.00
2016.01.11 07:13:35.014,1.44441,1.44467,1.00,1.00
2016.01.11 07:13:35.606,1.44433,1.44467,2.25,1.75
2016.01.11 07:13:35.911,1.4444,1.44468,1.00,1.00
2016.01.11 07:13:45.292,1.44443,1.44471,1.00,1.00
2016.01.11 07:13:58.196,1.44438,1.44475,2.25,1.50
2016.01.11 07:13:58.515,1.4444,1.44475,2.25,1.50
2016.01.11 07:14:00.040,1.44443,1.44471,1.00,1.00
2016.01.11 07:14:03.451,1.44439,1.44473,2.25,1.00
2016.01.11 07:14:03.611,1.44439,1.44476,2.25,1.50
2016.01.11 07:14:13.223,1.44445,1.44478,2.25,1.37
2016.01.11 07:14:13.274,1.44446,1.44479,2.25,1.12
2016.01.11 07:14:14.293,1.44446,1.44478,2.25,1.00
2016.01.11 07:14:14.821,1.44446,1.44479,2.25,1.12
2016.01.11 07:14:17.985,1.44446,1.44478,2.25,1.00
2016.01.11 07:14:18.536,1.44446,1.44477,2.25,1.00
2016.01.11 07:14:19.640,1.44446,1.44478,2.25,1.00
2016.01.11 07:14:22.825,1.44446,1.44481,2.25,1.75
2016.01.11 07:14:30.890,1.44447,1.44482,2.25,1.75
2016.01.11 07:14:33.648,1.44447,1.4448,1.87,1.87
2016.01.11 07:14:33.699,1.44442,1.44479,2.25,1.12
2016.01.11 07:14:50.822,1.44439,1.44475,2.25,1.75
2016.01.11 07:14:53.979,1.4444,1.44474,2.25,1.37
2016.01.11 07:14:54.031,1.44442,1.44474,2.25,1.00
2016.01.11 07:14:54.234,1.44445,1.44473,1.00,1.00
2016.01.11 07:14:54.285,1.44438,1.44471,2.25,1.37
2016.01.11 07:14:54.336,1.44437,1.44471,1.75,1.75
2016.01.11 07:15:02.010,1.44436,1.44473,3.00,2.25
2016.01.11 07:15:02.061,1.44433,1.44472,1.75,2.25
2016.01.11 07:15:02.315,1.44434,1.44472,2.25,2.25
2016.01.11 07:15:02.366,1.44441,1.44469,1.00,1.00
2016.01.11 07:15:03.427,1.44432,1.44469,1.75,1.75
2016.01.11 07:15:30.361,1.44434,1.44468,3.00,1.37
2016.01.11 07:15:30.412,1.44435,1.44468,2.25,1.12
2016.01.11 07:15:30.761,1.44435,1.4447,2.25,1.75
2016.01.11 07:15:30.812,1.44437,1.44465,1.00,1.00
2016.01.11 07:15:36.694,1.44436,1.44471,1.75,1.75
2016.01.11 07:15:37.523,1.44432,1.44466,3.75,1.00
2016.01.11 07:15:42.579,1.44433,1.44465,1.75,1.00
2016.01.11 07:15:43.841,1.44432,1.44465,2.25,1.50
2016.01.11 07:15:47.423,1.44432,1.44465,1.75,1.75
2016.01.11 07:15:50.502,1.44427,1.44458,3.00,1.12
2016.01.11 07:15:50.553,1.44427,1.44458,1.75,1.50
2016.01.11 07:15:51.002,1.44427,1.44458,1.75,1.37
2016.01.11 07:15:51.053,1.44427,1.4446,3.00,1.12
2016.01.11 07:15:51.259,1.44427,1.44458,3.00,1.00
2016.01.11 07:15:51.662,1.44427,1.4446,1.75,1.75
2016.01.11 07:15:52.549,1.44427,1.44458,3.00,1.00
2016.01.11 07:15:53.157,1.44427,1.44459,3.75,1.00
2016.01.11 07:15:53.362,1.4443,1.44458,1.00,1.00
2016.01.11 07:15:55.715,1.44427,1.44461,1.75,1.50
2016.01.11 07:15:55.766,1.44427,1.44461,3.00,1.50
2016.01.11 07:16:10.854,1.44427,1.44462,2.25,1.75
2016.01.11 07:16:11.475,1.44427,1.44462,2.25,1.75
2016.01.11 07:16:11.863,1.4443,1.44462,2.25,1.50
2016.01.11 07:16:28.411,1.44431,1.44466,1.75,1.75
2016.01.11 07:16:32.639,1.4443,1.44462,1.75,1.75
2016.01.11 07:16:34.531,1.44435,1.44461,1.00,1.00
2016.01.11 07:16:34.633,1.44435,1.44463,1.00,1.50
2016.01.11 07:16:37.037,1.44435,1.44462,1.00,1.00
2016.01.11 07:16:37.139,1.44428,1.44463,2.25,1.75
2016.01.11 07:16:38.888,1.44427,1.44459,1.75,1.00
2016.01.11 07:16:38.940,1.44429,1.44457,1.00,1.00
2016.01.11 07:16:41.308,1.44429,1.44456,1.00,1.00
2016.01.11 07:16:41.677,1.44429,1.44454,1.00,1.00
2016.01.11 07:16:42.330,1.44429,1.44455,1.00,1.00
2016.01.11 07:16:42.839,1.44429,1.44456,1.00,1.00
2016.01.11 07:16:43.312,1.44429,1.44454,1.00,1.00
2016.01.11 07:16:43.840,1.44429,1.44456,1.00,1.00
2016.01.11 07:16:44.397,1.44429,1.44454,1.00,1.00
2016.01.11 07:16:44.651,1.44429,1.44456,1.00,1.00
2016.01.11 07:16:45.185,1.44429,1.44457,1.00,1.00
2016.01.11 07:16:45.331,1.44426,1.44461,3.00,1.75
2016.01.11 07:16:45.383,1.44428,1.44461,1.75,1.50
2016.01.11 07:16:55.963,1.44427,1.44458,2.25,1.00
2016.01.11 07:16:56.508,1.44427,1.44457,2.25,1.00
2016.01.11 07:16:56.769,1.44427,1.44454,2.25,1.12
2016.01.11 07:17:03.108,1.44424,1.44455,2.25,1.00
2016.01.11 07:17:03.209,1.44423,1.44451,1.00,1.00
2016.01.11 07:17:09.031,1.44422,1.44457,2.25,1.75
2016.01.11 07:17:09.706,1.4442,1.44452,2.25,1.00
2016.01.11 07:17:10.228,1.44418,1.44452,1.75,1.75
2016.01.11 07:17:10.279,1.44418,1.44447,1.75,1.00
2016.01.11 07:17:10.330,1.44418,1.44447,1.37,1.50
2016.01.11 07:17:10.634,1.44414,1.44445,1.50,1.75
2016.01.11 07:17:12.721,1.44411,1.44444,1.37,1.75
2016.01.11 07:17:18.325,1.44406,1.44437,2.25,1.87
2016.01.11 07:17:18.376,1.44404,1.4443,1.37,1.00
2016.01.11 07:17:18.916,1.44404,1.44437,1.75,3.00
2016.01.11 07:17:18.967,1.44405,1.44437,1.12,1.75
2016.01.11 07:17:23.936,1.44406,1.44438,1.12,1.75
2016.01.11 07:17:27.645,1.44407,1.44438,1.12,1.75
2016.01.11 07:17:27.696,1.44408,1.44438,1.12,1.75
2016.01.11 07:17:32.385,1.44405,1.44439,1.50,1.75
2016.01.11 07:17:32.707,1.44402,1.44432,1.12,1.75
2016.01.11 07:17:32.758,1.444,1.44432,1.37,1.75
2016.01.11 07:17:32.809,1.444,1.4443,1.00,1.75
2016.01.11 07:17:33.163,1.44397,1.4443,1.50,3.00
2016.01.11 07:17:33.214,1.44397,1.44429,1.12,2.25
2016.01.11 07:17:33.687,1.44401,1.44429,1.00,2.25
2016.01.11 07:17:33.794,1.44396,1.44429,2.25,2.25
2016.01.11 07:17:34.206,1.44397,1.44431,1.87,1.75
2016.01.11 07:17:40.904,1.44397,1.44435,1.87,2.25
2016.01.11 07:17:47.420,1.44403,1.44436,1.37,1.75
2016.01.11 07:17:47.963,1.444,1.44435,1.75,1.75
2016.01.11 07:17:50.653,1.444,1.44433,1.12,1.75
2016.01.11 07:17:50.704,1.44401,1.44429,1.00,1.00
2016.01.11 07:17:52.160,1.44399,1.44431,1.75,3.00
2016.01.11 07:17:52.493,1.44396,1.44428,1.37,2.25
2016.01.11 07:17:53.094,1.44396,1.44428,1.37,2.25
2016.01.11 07:17:58.442,1.44396,1.44426,1.37,3.00
2016.01.11 07:17:58.807,1.44392,1.44426,1.37,3.00
2016.01.11 07:18:01.481,1.44392,1.44422,1.37,3.00
2016.01.11 07:18:01.583,1.44391,1.4442,1.50,1.75
2016.01.11 07:18:01.634,1.44389,1.44415,1.12,1.12
2016.01.11 07:18:01.685,1.44389,1.44413,1.00,1.87
2016.01.11 07:18:01.736,1.44386,1.44412,1.00,1.75
2016.01.11 07:18:02.181,1.44381,1.44412,1.37,1.75
2016.01.11 07:18:04.303,1.44381,1.44409,1.37,1.75
2016.01.11 07:18:04.354,1.44381,1.44404,1.00,1.00
2016.01.11 07:18:04.905,1.44382,1.44404,1.00,1.00
2016.01.11 07:18:05.128,1.44378,1.44404,1.00,1.00
2016.01.11 07:18:05.286,1.44378,1.44411,1.37,3.00
2016.01.11 07:18:05.339,1.44378,1.44411,1.75,1.75
2016.01.11 07:18:07.989,1.44377,1.44408,1.37,1.75
2016.01.11 07:18:08.040,1.44376,1.44409,1.00,3.00
2016.01.11 07:18:08.142,1.44373,1.44397,1.75,1.00
2016.01.11 07:18:08.244,1.44367,1.44397,1.75,1.00
2016.01.11 07:18:08.295,1.44364,1.44397,1.75,1.37
2016.01.11 07:18:08.347,1.44363,1.44393,1.75,1.37
2016.01.11 07:18:08.398,1.44363,1.44393,1.50,1.37
2016.01.11 07:18:08.948,1.4436,1.44394,2.25,1.75
2016.01.11 07:18:10.857,1.44366,1.44396,1.00,3.00
2016.01.11 07:18:10.958,1.44362,1.44396,1.50,3.00
2016.01.11 07:18:11.759,1.44366,1.44396,1.00,1.87
2016.01.11 07:18:11.811,1.44366,1.44401,1.50,1.00
2016.01.11 07:18:12.326,1.4437,1.44401,1.00,1.00
2016.01.11 07:18:12.528,1.4437,1.44404,1.50,1.50
2016.01.11 07:18:13.067,1.44373,1.44408,1.00,1.75
2016.01.11 07:18:13.194,1.44373,1.44408,1.00,1.00
2016.01.11 07:18:13.295,1.44373,1.44407,1.00,2.25
2016.01.11 07:18:13.597,1.44376,1.44411,1.75,3.00
2016.01.11 07:18:18.745,1.44379,1.44411,1.00,2.25
2016.01.11 07:18:19.398,1.44377,1.44411,1.50,2.25
2016.01.11 07:18:22.005,1.44378,1.44413,1.75,1.75
2016.01.11 07:18:22.108,1.44376,1.44409,1.75,1.75
2016.01.11 07:18:22.371,1.44382,1.44409,1.00,1.75
2016.01.11 07:18:22.422,1.44379,1.44413,1.00,2.25
2016.01.11 07:18:22.524,1.44379,1.44414,1.75,1.75
2016.01.11 07:18:23.521,1.44379,1.44406,1.75,1.00
2016.01.11 07:18:23.623,1.44373,1.44401,1.00,1.00
2016.01.11 07:18:23.674,1.44373,1.44399,1.00,1.00
2016.01.11 07:18:23.991,1.44366,1.44398,1.50,1.75
2016.01.11 07:18:24.295,1.44366,1.44397,1.00,3.00
2016.01.11 07:18:24.820,1.4436,1.44392,1.37,2.25
2016.01.11 07:18:26.621,1.44356,1.44391,1.75,1.75
2016.01.11 07:18:27.374,1.44361,1.44391,1.00,1.75
2016.01.11 07:18:31.545,1.4436,1.44392,1.00,2.25
2016.01.11 07:18:32.076,1.44361,1.44392,1.00,2.25
2016.01.11 07:18:34.654,1.44355,1.44392,1.75,2.25
2016.01.11 07:18:39.679,1.4436,1.44391,1.00,1.75
2016.01.11 07:18:40.208,1.44357,1.44391,1.50,1.75
2016.01.11 07:18:43.781,1.44361,1.44392,1.00,2.25
2016.01.11 07:18:43.845,1.44356,1.44392,1.75,2.25
2016.01.11 07:18:44.111,1.44361,1.44392,1.00,2.25
2016.01.11 07:18:44.221,1.44356,1.44392,1.75,2.25
2016.01.11 07:18:49.465,1.44356,1.44391,2.25,3.00
2016.01.11 07:18:49.668,1.44356,1.44388,1.50,2.25
2016.01.11 07:18:52.662,1.44355,1.44388,1.87,2.25
2016.01.11 07:18:54.448,1.44356,1.44388,1.50,2.25
2016.01.11 07:18:54.500,1.44356,1.4439,2.25,1.75
2016.01.11 07:19:03.370,1.44356,1.4439,1.37,1.75
2016.01.11 07:19:03.421,1.44356,1.4439,1.00,3.00
2016.01.11 07:19:05.184,1.44355,1.44389,1.12,1.75
2016.01.11 07:19:05.449,1.44357,1.4439,1.00,3.00
2016.01.11 07:19:05.510,1.44355,1.4439,1.87,3.00
2016.01.11 07:19:05.959,1.44357,1.44389,1.00,1.75
2016.01.11 07:19:06.306,1.44355,1.4439,1.12,3.00
2016.01.11 07:19:06.864,1.44356,1.44388,1.00,1.75
2016.01.11 07:19:07.212,1.44357,1.44391,1.75,1.75
2016.01.11 07:19:07.860,1.44361,1.44391,1.00,1.75
2016.01.11 07:19:11.485,1.44361,1.4439,1.00,1.75
2016.01.11 07:19:12.013,1.44361,1.44388,1.00,1.75
2016.01.11 07:19:12.913,1.44361,1.44387,1.00,2.25
2016.01.11 07:19:13.015,1.44355,1.44387,1.00,2.25
2016.01.11 07:19:13.267,1.44361,1.44387,1.00,2.25
2016.01.11 07:19:15.756,1.44356,1.44387,1.00,2.25
2016.01.11 07:19:17.218,1.44356,1.44384,1.50,1.00
2016.01.11 07:19:17.421,1.44359,1.44387,1.00,1.00
2016.01.11 07:19:17.766,1.44361,1.44387,1.00,1.00
2016.01.11 07:19:18.846,1.44359,1.44387,1.00,1.00
2016.01.11 07:19:19.924,1.44361,1.44387,1.00,1.00
2016.01.11 07:19:20.076,1.44359,1.44387,1.00,1.00
2016.01.11 07:19:21.336,1.44356,1.44391,1.87,2.25
2016.01.11 07:19:27.838,1.44351,1.44386,2.25,2.25
2016.01.11 07:19:27.942,1.44359,1.44387,1.50,1.00
2016.01.11 07:19:28.045,1.44359,1.44394,2.25,1.75
2016.01.11 07:19:28.350,1.44363,1.44399,1.75,1.75
2016.01.11 07:19:34.440,1.44364,1.444,1.75,1.75
2016.01.11 07:19:37.466,1.44364,1.44399,1.75,1.75
2016.01.11 07:19:43.455,1.44363,1.44401,4.50,1.75
2016.01.11 07:19:44.947,1.44369,1.44406,1.75,1.75
2016.01.11 07:19:45.253,1.44379,1.44407,1.00,1.00
2016.01.11 07:19:45.744,1.44378,1.44412,1.37,1.75
2016.01.11 07:19:45.912,1.44377,1.44412,1.00,3.00
2016.01.11 07:19:46.435,1.44375,1.44412,1.50,3.00
2016.01.11 07:19:50.659,1.44379,1.44407,1.00,1.00
2016.01.11 07:19:50.996,1.44381,1.44407,1.00,1.00
2016.01.11 07:19:56.713,1.44381,1.44417,2.25,3.00
2016.01.11 07:19:57.081,1.44381,1.44419,2.25,2.25
2016.01.11 07:19:57.387,1.44386,1.44422,2.25,2.25
2016.01.11 07:20:06.800,1.4439,1.44422,1.37,2.25
2016.01.11 07:20:06.851,1.4439,1.44427,2.25,3.00
2016.01.11 07:20:10.795,1.44393,1.44427,1.50,2.25
2016.01.11 07:20:10.846,1.44392,1.4443,2.25,3.00
2016.01.11 07:20:12.203,1.44395,1.4443,1.50,2.25
2016.01.11 07:20:12.333,1.44401,1.44429,1.00,1.00
2016.01.11 07:20:13.354,1.44402,1.44429,1.00,1.00
2016.01.11 07:20:13.406,1.44402,1.44436,1.37,2.25
2016.01.11 07:20:13.457,1.44406,1.44439,1.12,2.25
2016.01.11 07:20:13.508,1.44406,1.44439,1.50,1.87
2016.01.11 07:20:13.559,1.44406,1.44442,2.25,1.75
2016.01.11 07:20:13.661,1.44413,1.44449,1.12,2.25
2016.01.11 07:20:13.712,1.44413,1.44449,1.50,2.25
2016.01.11 07:20:13.763,1.44413,1.4445,1.75,1.75
2016.01.11 07:20:14.618,1.44416,1.44449,1.37,2.25
2016.01.11 07:20:14.670,1.44415,1.44448,1.12,2.25
2016.01.11 07:20:15.077,1.44415,1.44452,1.75,2.25
2016.01.11 07:20:15.178,1.4442,1.44452,1.00,2.25
2016.01.11 07:20:16.692,1.44416,1.44452,2.25,2.25
2016.01.11 07:20:17.051,1.4442,1.44452,1.00,2.25
2016.01.11 07:20:17.271,1.44417,1.44452,1.12,3.00
2016.01.11 07:20:19.571,1.44419,1.44452,1.00,2.25
2016.01.11 07:20:19.723,1.44421,1.44449,1.00,1.00
2016.01.11 07:20:19.774,1.44416,1.44452,2.25,3.00
2016.01.11 07:20:19.825,1.44419,1.44452,1.12,3.00
2016.01.11 07:20:19.979,1.44417,1.44449,1.00,1.75
2016.01.11 07:20:20.040,1.44414,1.44449,1.50,1.75
2016.01.11 07:20:20.351,1.44411,1.44447,1.75,2.25
2016.01.11 07:20:20.402,1.44412,1.4444,1.00,1.00
2016.01.11 07:20:22.400,1.44406,1.44444,2.62,2.25
2016.01.11 07:20:22.451,1.44409,1.44437,1.00,1.00
2016.01.11 07:20:22.603,1.44406,1.4444,1.87,2.25
2016.01.11 07:20:22.654,1.44406,1.4444,1.50,2.25
2016.01.11 07:20:22.857,1.44411,1.4444,1.00,2.25
2016.01.11 07:20:23.113,1.44406,1.4444,2.62,2.25
2016.01.11 07:20:24.853,1.44406,1.4444,1.12,2.25
2016.01.11 07:20:24.904,1.44407,1.44444,1.75,2.25
2016.01.11 07:20:27.929,1.44406,1.44443,2.62,2.25
2016.01.11 07:20:27.988,1.44406,1.44441,2.62,2.25
2016.01.11 07:20:29.966,1.44407,1.44441,1.75,2.25
2016.01.11 07:20:30.018,1.44407,1.44444,1.75,2.25
2016.01.11 07:20:30.120,1.44408,1.44446,1.75,1.75
2016.01.11 07:20:32.537,1.44411,1.44447,3.00,2.25
2016.01.11 07:20:32.606,1.44411,1.44448,3.00,1.75
2016.01.11 07:20:37.771,1.44417,1.4445,1.50,1.87
2016.01.11 07:20:37.873,1.44419,1.44456,1.75,3.00
2016.01.11 07:20:37.975,1.4442,1.44457,2.25,1.75
2016.01.11 07:20:42.371,1.44422,1.44459,1.75,2.25
2016.01.11 07:20:42.472,1.44423,1.44461,1.75,1.75
2016.01.11 07:20:45.578,1.44427,1.44464,2.25,2.25
2016.01.11 07:20:47.686,1.44429,1.44468,2.25,3.75
2016.01.11 07:20:53.599,1.44434,1.44468,1.75,2.25
2016.01.11 07:20:53.650,1.44434,1.44471,1.75,1.75
2016.01.11 07:20:56.127,1.44436,1.44474,2.25,2.25
2016.01.11 07:20:56.431,1.4445,1.44486,1.75,1.75
2016.01.11 07:20:57.092,1.44453,1.44488,2.25,2.25
2016.01.11 07:20:57.143,1.44458,1.44486,1.00,1.00
2016.01.11 07:20:57.462,1.44455,1.44494,1.00,1.50
2016.01.11 07:20:57.964,1.44454,1.44494,1.00,1.50
2016.01.11 07:20:58.015,1.44453,1.44492,1.50,1.00
2016.01.11 07:20:58.363,1.44455,1.44494,1.00,1.00
2016.01.11 07:20:58.912,1.44455,1.44493,2.25,1.00
2016.01.11 07:20:59.482,1.44455,1.44494,1.00,1.00
2016.01.11 07:20:59.913,1.44457,1.44495,1.00,1.00
2016.01.11 07:21:00.100,1.44455,1.44494,1.00,1.00
2016.01.11 07:21:00.374,1.44458,1.44494,1.00,1.00
2016.01.11 07:21:00.475,1.4446,1.44498,1.00,1.50
2016.01.11 07:21:00.627,1.44462,1.445,1.00,1.00
2016.01.11 07:21:01.202,1.44462,1.44502,1.00,1.50
2016.01.11 07:21:01.510,1.44465,1.44502,1.00,1.50
2016.01.11 07:21:02.095,1.44465,1.44502,1.00,1.00
2016.01.11 07:21:02.629,1.44465,1.44501,1.12,1.00
2016.01.11 07:21:02.845,1.44465,1.44504,2.62,1.00
2016.01.11 07:21:02.947,1.44469,1.44504,1.00,1.00
2016.01.11 07:21:03.099,1.44469,1.44506,1.00,1.00
2016.01.11 07:21:03.302,1.44471,1.44508,1.00,1.00
2016.01.11 07:21:03.619,1.44473,1.4451,1.00,1.00
2016.01.11 07:21:04.069,1.44473,1.44512,1.50,1.00
2016.01.11 07:21:04.229,1.4447,1.4451,1.50,1.00
2016.01.11 07:21:04.280,1.4447,1.44506,1.00,1.00
2016.01.11 07:21:04.382,1.4447,1.44508,1.00,1.00
2016.01.11 07:21:04.585,1.44472,1.44508,1.00,1.00
2016.01.11 07:21:04.838,1.44472,1.44511,2.25,1.00
2016.01.11 07:21:05.080,1.44472,1.44513,3.00,1.00
2016.01.11 07:21:05.181,1.44477,1.44513,1.00,1.00
2016.01.11 07:21:05.283,1.44477,1.44516,1.00,1.12
2016.01.11 07:21:05.867,1.44477,1.44515,1.00,1.00
2016.01.11 07:21:06.409,1.44476,1.44515,1.50,1.00
2016.01.11 07:21:06.936,1.44475,1.44516,1.00,1.12
2016.01.11 07:21:07.389,1.44475,1.44514,1.00,1.00
2016.01.11 07:21:07.899,1.44474,1.44514,1.50,1.00
2016.01.11 07:21:08.492,1.44474,1.44513,1.50,1.00
2016.01.11 07:21:08.923,1.44476,1.44513,1.00,1.00
2016.01.11 07:21:09.026,1.44476,1.44517,2.25,1.50
2016.01.11 07:21:09.132,1.4448,1.44518,1.00,1.37
2016.01.11 07:21:09.233,1.44481,1.4452,1.00,1.00
2016.01.11 07:21:09.335,1.44483,1.44521,1.00,1.12
2016.01.11 07:21:09.755,1.44486,1.44521,1.00,1.00
2016.01.11 07:21:10.109,1.44483,1.4452,1.00,1.00
2016.01.11 07:21:10.580,1.44485,1.4452,1.00,1.00
2016.01.11 07:21:10.682,1.44486,1.44526,1.50,1.37
2016.01.11 07:21:10.733,1.44486,1.44526,1.87,1.00
2016.01.11 07:21:10.784,1.44486,1.44518,1.12,1.00
2016.01.11 07:21:10.936,1.4448,1.44517,1.37,1.00
2016.01.11 07:21:11.037,1.44479,1.44517,1.37,1.00
2016.01.11 07:21:11.139,1.44479,1.44515,1.37,1.00
2016.01.11 07:21:11.775,1.44478,1.44516,2.25,1.00
2016.01.11 07:21:12.144,1.44482,1.44517,1.00,1.50
2016.01.11 07:21:12.449,1.4448,1.44515,1.00,1.00
2016.01.11 07:21:14.058,1.44478,1.44515,1.00,1.00
2016.01.11 07:21:14.599,1.44477,1.44514,1.00,1.00
2016.01.11 07:21:15.928,1.44477,1.44513,1.00,1.00
2016.01.11 07:21:16.707,1.44479,1.44514,1.00,1.00
2016.01.11 07:21:17.062,1.44479,1.44518,1.50,1.50
2016.01.11 07:21:17.341,1.44484,1.44518,1.00,1.00
2016.01.11 07:21:17.695,1.44483,1.4452,1.00,1.00
2016.01.11 07:21:17.848,1.44483,1.44522,3.00,1.00
2016.01.11 07:21:17.899,1.44489,1.44522,1.00,1.50
2016.01.11 07:21:17.950,1.44489,1.44526,1.00,1.00
2016.01.11 07:21:18.052,1.44492,1.4453,1.00,1.00
2016.01.11 07:21:18.238,1.44493,1.44532,1.00,1.00
2016.01.11 07:21:18.392,1.44495,1.44532,1.00,1.00
2016.01.11 07:21:18.696,1.44498,1.44534,1.00,1.50
2016.01.11 07:21:20.325,1.44498,1.44534,1.00,1.00
2016.01.11 07:21:22.388,1.44499,1.44534,1.00,1.00
2016.01.11 07:21:23.231,1.44499,1.44536,1.00,1.00
2016.01.11 07:21:23.384,1.44499,1.44539,1.00,1.37
2016.01.11 07:21:23.637,1.44502,1.44541,1.00,1.00
2016.01.11 07:21:24.172,1.44502,1.44542,1.00,1.12
2016.01.11 07:21:24.491,1.44504,1.44542,1.00,1.00
2016.01.11 07:21:25.191,1.44503,1.44541,1.00,1.00
2016.01.11 07:21:25.614,1.44503,1.44543,1.00,1.50
2016.01.11 07:21:26.159,1.44507,1.44544,1.00,1.00
2016.01.11 07:21:26.472,1.44517,1.44548,1.00,1.00
2016.01.11 07:21:26.573,1.44517,1.44554,1.00,1.50
2016.01.11 07:21:26.727,1.44521,1.44558,1.00,1.75
2016.01.11 07:21:26.830,1.44521,1.44559,1.50,1.50
2016.01.11 07:21:27.008,1.44523,1.44559,1.00,1.50
2016.01.11 07:21:27.248,1.44521,1.44559,1.00,1.00
2016.01.11 07:21:27.300,1.4452,1.44555,1.00,1.00
2016.01.11 07:21:27.603,1.4452,1.44553,1.00,1.00
2016.01.11 07:21:28.205,1.4452,1.44554,1.00,1.00
2016.01.11 07:21:28.798,1.4452,1.44556,1.00,1.00
2016.01.11 07:21:29.474,1.44517,1.44556,1.00,1.50
2016.01.11 07:21:30.016,1.44525,1.44557,1.00,1.00
2016.01.11 07:21:30.068,1.44525,1.44561,1.00,1.75
2016.01.11 07:21:30.171,1.44525,1.44561,1.00,1.00
2016.01.11 07:21:30.273,1.44524,1.44557,1.00,1.00
2016.01.11 07:21:30.426,1.44523,1.4456,1.00,1.00
2016.01.11 07:21:30.477,1.44521,1.4456,1.50,1.50
2016.01.11 07:21:30.681,1.44519,1.44558,2.25,1.00
2016.01.11 07:21:31.018,1.44519,1.44555,1.00,1.00
2016.01.11 07:21:31.166,1.44516,1.44555,2.25,1.00
2016.01.11 07:21:31.751,1.4452,1.44555,1.00,1.00
2016.01.11 07:21:32.258,1.44519,1.44555,1.00,1.00
2016.01.11 07:21:34.274,1.44517,1.44555,1.50,1.00
2016.01.11 07:21:34.325,1.44517,1.44553,1.50,1.00
2016.01.11 07:21:34.886,1.44517,1.44552,1.00,1.00
2016.01.11 07:21:34.937,1.44515,1.44552,1.87,1.00
2016.01.11 07:21:35.039,1.44517,1.44552,1.00,1.00
2016.01.11 07:21:35.618,1.44517,1.44553,1.00,1.00
2016.01.11 07:21:35.720,1.44515,1.44553,1.12,1.00
2016.01.11 07:21:35.976,1.44512,1.44548,1.50,1.00
2016.01.11 07:21:36.489,1.44512,1.44547,1.37,1.00
2016.01.11 07:21:37.840,1.44513,1.44551,1.37,1.50
2016.01.11 07:21:38.157,1.44513,1.44547,1.37,1.00
2016.01.11 07:21:38.712,1.44512,1.44546,1.50,1.00
2016.01.11 07:21:39.381,1.44512,1.44544,1.50,1.00
2016.01.11 07:21:40.688,1.44512,1.44543,1.37,1.00
2016.01.11 07:21:41.278,1.44512,1.44544,1.37,1.00
2016.01.11 07:21:45.121,1.44512,1.44546,1.37,1.00
2016.01.11 07:21:46.850,1.44512,1.44549,1.37,1.00
2016.01.11 07:21:46.952,1.44512,1.44547,1.37,1.00
2016.01.11 07:21:47.420,1.44515,1.44549,1.37,1.00
2016.01.11 07:21:47.674,1.44513,1.44552,1.37,1.87
2016.01.11 07:21:47.954,1.44516,1.44549,1.12,1.00
2016.01.11 07:21:50.370,1.44512,1.44546,1.37,1.00
2016.01.11 07:21:50.919,1.44512,1.44545,1.37,1.00
2016.01.11 07:21:51.508,1.44512,1.44545,1.37,1.50
2016.01.11 07:21:51.812,1.44512,1.44541,1.37,1.00
2016.01.11 07:21:51.863,1.44506,1.44541,1.37,1.00
2016.01.11 07:21:52.015,1.44505,1.44539,1.37,1.00
2016.01.11 07:21:52.557,1.44505,1.44539,1.37,1.50
2016.01.11 07:21:52.821,1.44505,1.44538,1.00,1.12
2016.01.11 07:21:52.937,1.44502,1.44538,1.00,1.12
2016.01.11 07:21:53.666,1.445,1.44538,1.00,1.12
2016.01.11 07:21:53.818,1.445,1.44538,1.00,1.75
2016.01.11 07:21:54.360,1.44501,1.44534,1.00,1.00
2016.01.11 07:21:54.667,1.44501,1.4453,1.00,1.00
2016.01.11 07:21:55.123,1.44501,1.44527,1.00,1.00
2016.01.11 07:21:55.174,1.44496,1.44527,1.00,1.00
2016.01.11 07:21:55.771,1.44496,1.44529,1.00,1.50
2016.01.11 07:21:56.068,1.44496,1.44526,1.00,1.00
2016.01.11 07:21:57.529,1.44496,1.44528,1.00,1.12
2016.01.11 07:21:58.111,1.44495,1.4453,1.00,1.75
2016.01.11 07:21:58.765,1.44495,1.4453,1.00,1.37
2016.01.11 07:21:59.271,1.44495,1.4453,1.50,1.00
2016.01.11 07:22:01.518,1.44496,1.4453,1.00,1.00
2016.01.11 07:22:02.064,1.44496,1.44531,1.00,1.00
2016.01.11 07:22:02.591,1.44496,1.44529,1.00,1.00
2016.01.11 07:22:03.364,1.44496,1.44532,1.00,1.12
2016.01.11 07:22:03.547,1.44501,1.44532,1.00,1.12
2016.01.11 07:22:03.853,1.445,1.44535,1.00,1.50
2016.01.11 07:22:04.368,1.445,1.44539,1.00,1.75
2016.01.11 07:22:04.930,1.44498,1.44537,1.00,1.50
2016.01.11 07:22:05.503,1.44497,1.44536,1.00,1.12
2016.01.11 07:22:05.555,1.44497,1.44534,1.00,1.00
2016.01.11 07:22:05.859,1.44495,1.44532,1.00,1.50
2016.01.11 07:22:06.386,1.44495,1.44531,1.00,1.00
2016.01.11 07:22:06.912,1.44496,1.44531,1.00,1.00
2016.01.11 07:22:07.665,1.44496,1.44528,1.00,1.00
2016.01.11 07:22:07.974,1.44496,1.44527,1.00,1.37
2016.01.11 07:22:08.506,1.44495,1.44527,1.00,1.50
2016.01.11 07:22:09.107,1.44496,1.44527,1.00,1.50
2016.01.11 07:22:09.608,1.44495,1.44525,1.00,1.00
2016.01.11 07:22:11.461,1.44492,1.44525,1.00,1.00
2016.01.11 07:22:14.350,1.44491,1.44525,1.00,1.00
2016.01.11 07:22:15.772,1.44492,1.44525,1.00,1.00
2016.01.11 07:22:15.824,1.44495,1.44525,1.00,1.00
2016.01.11 07:22:15.977,1.44496,1.44531,1.00,1.50
2016.01.11 07:22:16.516,1.44495,1.44527,1.00,1.00
2016.01.11 07:22:16.843,1.44487,1.44527,2.25,1.00
2016.01.11 07:22:16.894,1.44488,1.44526,1.00,1.37
2016.01.11 07:22:17.221,1.44487,1.44523,2.25,1.00
2016.01.11 07:22:17.609,1.4449,1.44523,1.00,1.00
2016.01.11 07:22:17.711,1.44485,1.44523,2.25,1.00
2016.01.11 07:22:17.813,1.44491,1.44523,1.00,1.00
2016.01.11 07:22:19.278,1.44486,1.44523,1.00,1.00
2016.01.11 07:22:19.391,1.44485,1.4452,1.87,1.00
2016.01.11 07:22:19.595,1.44477,1.44515,1.00,1.37
2016.01.11 07:22:19.646,1.44475,1.44513,1.00,1.12
2016.01.11 07:22:19.698,1.44472,1.4451,1.87,1.00
2016.01.11 07:22:20.306,1.44471,1.44509,1.37,1.12
2016.01.11 07:22:20.618,1.4447,1.44509,1.00,1.12
2016.01.11 07:22:21.115,1.44475,1.44508,1.00,2.25
2016.01.11 07:22:24.101,1.44475,1.4451,1.00,2.25
2016.01.11 07:22:24.777,1.44475,1.44507,1.00,1.00
2016.01.11 07:22:26.803,1.44475,1.44508,1.00,1.00
2016.01.11 07:22:27.361,1.44475,1.4451,1.00,1.50
2016.01.11 07:22:28.658,1.44475,1.4451,1.50,1.12
2016.01.11 07:22:28.815,1.44478,1.44515,1.00,1.00
2016.01.11 07:22:28.968,1.4448,1.44519,1.00,2.25
2016.01.11 07:22:29.710,1.44485,1.44517,1.00,1.12
2016.01.11 07:22:29.812,1.44481,1.44517,1.00,1.12
2016.01.11 07:22:32.656,1.4448,1.44518,1.00,1.87
2016.01.11 07:22:33.251,1.44481,1.44518,1.00,1.87
2016.01.11 07:22:33.827,1.4448,1.44517,1.00,1.12
2016.01.11 07:22:34.657,1.4448,1.44516,1.00,1.00
2016.01.11 07:22:35.767,1.4448,1.44518,1.00,1.37
2016.01.11 07:22:36.603,1.44481,1.44517,1.00,1.87
2016.01.11 07:22:37.215,1.4448,1.44517,1.00,1.87
2016.01.11 07:22:37.649,1.4448,1.44515,1.00,1.00
2016.01.11 07:22:37.992,1.44481,1.44513,1.00,1.37
2016.01.11 07:22:38.043,1.44475,1.44513,1.00,1.37
2016.01.11 07:22:38.094,1.44471,1.44507,1.00,1.50
2016.01.11 07:22:38.247,1.44466,1.445,1.37,1.00
2016.01.11 07:22:38.670,1.44465,1.44501,1.00,1.00
2016.01.11 07:22:39.094,1.44465,1.44499,1.00,1.00
2016.01.11 07:22:39.438,1.44471,1.44501,1.00,1.00
2016.01.11 07:22:41.058,1.44471,1.44502,1.00,1.12
2016.01.11 07:22:41.311,1.44471,1.44504,1.00,1.00
2016.01.11 07:22:41.363,1.44471,1.44506,1.00,1.50
2016.01.11 07:22:41.925,1.4447,1.44507,1.00,1.00
2016.01.11 07:22:42.398,1.4447,1.44509,1.50,1.00
2016.01.11 07:22:42.924,1.4447,1.44508,1.00,1.00
2016.01.11 07:22:43.960,1.4447,1.44506,1.00,1.00
2016.01.11 07:22:44.163,1.44471,1.44508,1.00,1.00
2016.01.11 07:22:44.863,1.4447,1.44508,1.00,1.00
2016.01.11 07:22:45.259,1.44471,1.44506,1.00,1.00
2016.01.11 07:22:45.379,1.44468,1.44506,1.00,1.00
2016.01.11 07:22:46.185,1.4447,1.44506,1.00,1.00
2016.01.11 07:22:46.378,1.44468,1.44506,1.00,1.00
2016.01.11 07:22:46.446,1.4447,1.44506,1.00,1.00
2016.01.11 07:22:47.118,1.44473,1.44506,1.00,1.00
2016.01.11 07:22:47.220,1.44473,1.44509,1.00,1.00
2016.01.11 07:22:47.322,1.44473,1.44512,1.87,1.00
2016.01.11 07:22:47.474,1.44475,1.44513,1.00,1.00
2016.01.11 07:22:48.557,1.44473,1.44508,1.87,1.00
2016.01.11 07:22:48.659,1.44473,1.44511,1.87,1.00
2016.01.11 07:22:49.133,1.44475,1.44511,1.00,1.00
2016.01.11 07:22:49.888,1.44476,1.44511,1.00,1.00
2016.01.11 07:22:50.194,1.4448,1.44515,1.12,1.00
2016.01.11 07:22:50.535,1.4448,1.44512,1.00,1.50
2016.01.11 07:22:50.738,1.44478,1.44511,1.00,1.00
2016.01.11 07:22:50.789,1.44478,1.44513,1.00,1.00
2016.01.11 07:22:51.541,1.44477,1.44513,1.37,1.00
2016.01.11 07:22:52.226,1.44476,1.44513,2.47,1.00
2016.01.11 07:22:53.124,1.44477,1.44513,1.30,1.00
2016.01.11 07:22:53.175,1.44477,1.4451,1.30,1.00
2016.01.11 07:22:55.928,1.44473,1.44502,1.22,1.00
2016.01.11 07:22:55.979,1.44471,1.44502,1.35,1.00
2016.01.11 07:22:56.030,1.4447,1.44492,1.22,1.00
2016.01.11 07:22:56.081,1.44466,1.44492,1.00,1.00
2016.01.11 07:22:56.132,1.44466,1.44492,1.00,1.37
2016.01.11 07:22:56.183,1.44461,1.44492,1.00,2.25
2016.01.11 07:22:56.358,1.44458,1.44491,1.72,1.75
2016.01.11 07:22:57.440,1.44463,1.44491,1.00,1.75
2016.01.11 07:22:57.593,1.44463,1.44491,1.72,1.00
2016.01.11 07:22:57.695,1.44463,1.44498,2.47,1.75
2016.01.11 07:23:08.783,1.44468,1.44499,1.12,1.50
2016.01.11 07:23:08.835,1.44471,1.44499,1.00,1.50
2016.01.11 07:23:08.886,1.44468,1.44499,1.12,1.12
2016.01.11 07:23:17.158,1.44468,1.44498,1.12,1.00
2016.01.11 07:23:18.997,1.44468,1.44498,1.12,1.37
2016.01.11 07:23:19.048,1.44469,1.44497,1.00,1.00
2016.01.11 07:23:21.664,1.44469,1.44494,1.00,1.00
2016.01.11 07:23:21.766,1.44469,1.44497,1.00,1.00
2016.01.11 07:23:21.937,1.44469,1.44495,1.00,1.00
2016.01.11 07:23:23.624,1.44469,1.44497,1.00,1.00
2016.01.11 07:23:24.488,1.44469,1.44494,1.00,1.00
2016.01.11 07:23:24.690,1.4446,1.44494,1.12,1.75
2016.01.11 07:23:25.579,1.44461,1.44496,2.25,1.50
2016.01.11 07:23:25.681,1.44462,1.44496,2.25,1.50
2016.01.11 07:23:27.488,1.44465,1.44501,2.25,1.75
2016.01.11 07:23:27.590,1.44465,1.44501,3.75,1.75
2016.01.11 07:23:28.816,1.44469,1.44503,2.62,1.75
2016.01.11 07:23:28.868,1.4447,1.44503,1.75,1.75
2016.01.11 07:23:28.919,1.44472,1.44503,1.75,1.37
2016.01.11 07:23:28.970,1.44472,1.44503,3.00,1.00
2016.01.11 07:23:29.021,1.44475,1.44508,1.75,1.75
2016.01.11 07:23:29.274,1.44475,1.4451,1.75,1.50
2016.01.11 07:23:29.326,1.44478,1.4451,1.75,1.37
2016.01.11 07:23:29.377,1.44484,1.44512,1.00,1.00
2016.01.11 07:23:29.902,1.44483,1.44518,1.75,1.75
2016.01.11 07:23:30.004,1.44483,1.44518,1.75,1.75
2016.01.11 07:23:30.644,1.44486,1.44519,1.75,1.37
2016.01.11 07:23:30.695,1.44493,1.44519,1.00,1.00
2016.01.11 07:23:30.797,1.44493,1.44521,1.00,1.00
2016.01.11 07:23:30.898,1.44491,1.44525,1.75,2.25
2016.01.11 07:23:31.000,1.44491,1.44525,3.00,2.25
2016.01.11 07:23:32.618,1.44491,1.44528,3.00,2.25
2016.01.11 07:23:32.669,1.44491,1.44524,1.75,1.75
2016.01.11 07:23:38.826,1.4449,1.44527,1.75,1.75
2016.01.11 07:23:39.135,1.44491,1.44527,2.25,1.75
2016.01.11 07:23:41.135,1.44491,1.44523,2.25,1.37
2016.01.11 07:23:41.338,1.44484,1.44519,1.75,1.75
2016.01.11 07:23:47.655,1.44485,1.44514,1.12,1.00
2016.01.11 07:23:47.748,1.44485,1.44512,1.12,1.00
2016.01.11 07:23:47.850,1.44478,1.44512,1.50,1.00
2016.01.11 07:23:48.103,1.44476,1.44508,1.87,1.00
2016.01.11 07:23:48.443,1.4448,1.44508,1.00,1.50
2016.01.11 07:23:48.871,1.44476,1.44505,1.37,2.62
2016.01.11 07:23:48.922,1.44473,1.44498,1.37,1.00
2016.01.11 07:23:49.125,1.44473,1.44501,1.12,1.12
2016.01.11 07:23:49.176,1.44474,1.44506,1.12,3.00
2016.01.11 07:23:49.227,1.44477,1.44505,1.00,1.00
2016.01.11 07:23:56.125,1.44477,1.44504,1.00,1.00
2016.01.11 07:23:56.684,1.44477,1.44505,1.00,1.50
2016.01.11 07:23:57.939,1.44477,1.44504,1.00,1.00
2016.01.11 07:23:58.478,1.44477,1.44505,1.00,1.50
2016.01.11 07:24:01.055,1.44477,1.44504,1.00,1.00
2016.01.11 07:24:01.106,1.44472,1.44504,1.50,1.37
2016.01.11 07:24:01.157,1.44472,1.44504,1.50,1.75
2016.01.11 07:24:10.791,1.44472,1.44507,2.25,2.25
2016.01.11 07:24:10.856,1.44472,1.44508,2.25,1.75
2016.01.11 07:24:19.328,1.44476,1.4451,1.75,3.00
2016.01.11 07:24:19.379,1.44476,1.4451,1.75,1.75
2016.01.11 07:24:22.292,1.44486,1.44513,1.00,2.25
2016.01.11 07:24:22.394,1.44489,1.44517,1.00,1.00
2016.01.11 07:24:23.955,1.44489,1.44517,1.87,1.00
2016.01.11 07:24:24.210,1.44496,1.4453,1.00,2.25
2016.01.11 07:24:24.363,1.44496,1.4453,1.37,2.25
2016.01.11 07:24:24.414,1.44496,1.44531,1.75,2.25
2016.01.11 07:24:25.248,1.44493,1.44529,1.75,3.00
2016.01.11 07:24:25.299,1.44493,1.44528,1.75,3.00
2016.01.11 07:24:29.929,1.44496,1.44527,1.00,1.75
2016.01.11 07:24:29.980,1.44496,1.44528,1.37,2.25
2016.01.11 07:24:30.031,1.44499,1.4453,1.75,1.75
2016.01.11 07:24:30.185,1.44497,1.44531,1.37,3.00
2016.01.11 07:24:30.235,1.44494,1.4453,1.75,2.25
2016.01.11 07:24:30.489,1.44499,1.4453,1.00,2.25
2016.01.11 07:24:30.539,1.44497,1.4453,1.12,2.25
2016.01.11 07:24:30.590,1.44497,1.4453,1.50,2.25
2016.01.11 07:24:30.641,1.44499,1.44527,1.00,1.00
2016.01.11 07:24:31.147,1.44497,1.44528,1.50,1.75
2016.01.11 07:24:31.198,1.44497,1.4453,1.12,1.75
2016.01.11 07:24:31.647,1.44495,1.4453,1.50,1.75
2016.01.11 07:24:32.156,1.44496,1.4453,1.75,1.75
2016.01.11 07:24:32.460,1.44496,1.4453,1.12,3.00
2016.01.11 07:24:34.319,1.44491,1.44526,1.87,2.25
2016.01.11 07:24:34.373,1.44491,1.44519,1.87,1.00
2016.01.11 07:24:34.857,1.44489,1.44522,1.12,3.00
2016.01.11 07:24:37.154,1.44488,1.44519,1.87,1.75
2016.01.11 07:24:42.863,1.44488,1.44519,1.12,1.75
2016.01.11 07:24:46.143,1.44488,1.44521,1.12,1.75
2016.01.11 07:24:46.244,1.44491,1.44519,1.37,1.00
2016.01.11 07:24:46.447,1.44491,1.44526,1.12,4.50
2016.01.11 07:24:46.549,1.44493,1.44526,1.12,2.25
2016.01.11 07:24:47.365,1.44493,1.44525,1.37,1.75
2016.01.11 07:24:47.415,1.44493,1.44521,1.12,1.00
2016.01.11 07:24:47.568,1.44487,1.44521,1.12,1.50
2016.01.11 07:24:47.618,1.44487,1.44521,1.12,2.25
2016.01.11 07:24:48.074,1.44485,1.44517,1.12,1.37
2016.01.11 07:24:48.587,1.44483,1.44515,1.12,1.75
2016.01.11 07:24:49.589,1.44483,1.44517,1.12,1.75
2016.01.11 07:24:50.114,1.44484,1.44517,1.12,1.75
2016.01.11 07:24:50.663,1.44484,1.44517,1.37,1.75
2016.01.11 07:24:50.765,1.44484,1.44512,1.12,1.00
2016.01.11 07:24:50.968,1.44484,1.44514,1.00,1.75
2016.01.11 07:24:52.366,1.4448,1.44515,1.12,3.00
2016.01.11 07:24:52.670,1.44483,1.44517,1.50,3.00
2016.01.11 07:24:52.721,1.44485,1.44513,1.00,1.00
2016.01.11 07:24:53.186,1.44485,1.44519,1.50,1.75
2016.01.11 07:24:53.293,1.44484,1.44519,2.25,1.75
2016.01.11 07:24:53.395,1.44483,1.44519,4.12,1.75
2016.01.11 07:24:53.446,1.44487,1.44515,1.00,1.00
2016.01.11 07:24:54.102,1.44484,1.44517,2.25,1.50
2016.01.11 07:24:54.153,1.44486,1.44517,1.75,1.12
2016.01.11 07:24:57.123,1.44487,1.44525,2.25,3.75
2016.01.11 07:24:57.175,1.44487,1.44525,2.25,2.25
2016.01.11 07:24:57.525,1.44486,1.44523,2.25,1.75
2016.01.11 07:24:57.576,1.4449,1.44518,1.00,1.00
2016.01.11 07:24:58.389,1.44487,1.44524,2.25,1.75
2016.01.11 07:24:58.440,1.44487,1.44524,2.25,1.75
2016.01.11 07:24:59.390,1.44485,1.44522,3.00,1.50
2016.01.11 07:24:59.441,1.44489,1.44517,1.00,1.00
2016.01.11 07:24:59.882,1.44492,1.44517,1.00,1.00
2016.01.11 07:24:59.983,1.44496,1.44529,1.00,2.25
2016.01.11 07:25:00.034,1.44498,1.4453,1.37,2.25
2016.01.11 07:25:00.085,1.445,1.44528,1.00,1.00
2016.01.11 07:25:04.069,1.44497,1.44531,1.37,2.25
2016.01.11 07:25:04.274,1.44503,1.44531,1.00,1.00
2016.01.11 07:25:04.528,1.44508,1.44531,1.00,1.00
2016.01.11 07:25:04.680,1.44508,1.4454,1.00,2.25
2016.01.11 07:25:04.732,1.4451,1.44542,1.37,2.25
2016.01.11 07:25:04.783,1.44513,1.44541,1.00,1.00
2016.01.11 07:25:14.423,1.44508,1.44542,1.75,1.75
2016.01.11 07:25:14.474,1.44508,1.44542,1.75,1.75
2016.01.11 07:25:16.166,1.44512,1.44542,1.00,1.75
2016.01.11 07:25:16.369,1.44507,1.44538,1.37,1.50
2016.01.11 07:25:16.419,1.44507,1.44536,1.00,1.75
2016.01.11 07:25:16.723,1.44499,1.44533,2.62,1.37
2016.01.11 07:25:16.825,1.44499,1.44531,1.50,1.50
2016.01.11 07:25:16.927,1.44499,1.44526,1.00,1.37
2016.01.11 07:25:17.147,1.44495,1.44527,1.00,1.75
2016.01.11 07:25:17.263,1.44492,1.44527,1.50,1.75
2016.01.11 07:25:21.681,1.44492,1.44529,1.50,3.00
2016.01.11 07:25:21.732,1.44492,1.44529,1.75,1.75
2016.01.11 07:25:22.667,1.44497,1.44532,1.50,2.25
2016.01.11 07:25:22.718,1.44497,1.44533,1.75,1.75
2016.01.11 07:25:26.441,1.44494,1.44531,2.25,2.25
2016.01.11 07:25:26.492,1.44493,1.44531,2.25,3.75
2016.01.11 07:25:27.343,1.44495,1.44531,1.75,2.25
2016.01.11 07:25:27.394,1.44499,1.44527,1.00,1.00
2016.01.11 07:25:27.446,1.44498,1.44534,1.75,3.00
2016.01.11 07:25:27.497,1.44498,1.44533,1.75,1.75
2016.01.11 07:25:30.237,1.44497,1.44534,3.00,3.00
2016.01.11 07:25:30.288,1.44499,1.44527,1.00,1.00
2016.01.11 07:25:30.390,1.44499,1.44523,1.00,1.00
2016.01.11 07:25:30.491,1.44491,1.44523,1.75,1.75
2016.01.11 07:25:30.846,1.44488,1.44521,1.50,2.25
2016.01.11 07:25:30.897,1.44488,1.44521,1.50,2.25
2016.01.11 07:25:31.254,1.44485,1.4452,1.37,1.75
2016.01.11 07:25:31.305,1.44485,1.44519,1.37,2.25
2016.01.11 07:25:38.781,1.44483,1.44515,1.12,1.75
2016.01.11 07:25:38.883,1.44477,1.44505,1.50,1.00
2016.01.11 07:25:38.985,1.44472,1.44506,1.12,1.75
2016.01.11 07:25:39.292,1.44469,1.44504,1.75,1.75
2016.01.11 07:25:39.728,1.44467,1.44504,2.00,1.75
2016.01.11 07:25:42.054,1.44471,1.44505,1.00,2.25
2016.01.11 07:25:42.206,1.44473,1.44501,1.50,1.00
2016.01.11 07:25:42.257,1.44476,1.44501,1.00,1.00
2016.01.11 07:25:42.411,1.44476,1.44511,1.75,2.25
2016.01.11 07:25:42.513,1.44479,1.44515,1.75,3.00
2016.01.11 07:25:45.591,1.44476,1.44513,1.75,2.25
2016.01.11 07:25:45.642,1.44476,1.44512,1.75,2.25
2016.01.11 07:25:48.514,1.44479,1.44514,1.75,1.75
2016.01.11 07:25:48.848,1.44482,1.44519,1.75,1.75
2016.01.11 07:25:49.313,1.44489,1.44517,1.00,1.00
2016.01.11 07:25:49.502,1.44487,1.44523,1.75,2.25
2016.01.11 07:25:49.554,1.44492,1.4452,1.00,1.00
2016.01.11 07:25:50.641,1.44487,1.44522,1.75,2.25
2016.01.11 07:25:54.923,1.44487,1.44525,1.75,2.62
2016.01.11 07:25:55.225,1.44489,1.44526,3.00,1.75
2016.01.11 07:25:57.210,1.44489,1.44526,2.25,1.75
2016.01.11 07:25:57.261,1.44487,1.44526,3.00,3.00
2016.01.11 07:25:58.556,1.44487,1.44521,1.50,1.75
2016.01.11 07:25:59.216,1.44488,1.44523,1.50,2.25
2016.01.11 07:25:59.267,1.44491,1.44519,1.00,1.00
2016.01.11 07:26:02.949,1.44487,1.44519,1.37,1.75
2016.01.11 07:26:03.463,1.44484,1.4452,2.25,1.75
2016.01.11 07:26:04.029,1.44484,1.44518,2.25,1.75
2016.01.11 07:26:04.080,1.44481,1.44515,1.75,1.37
2016.01.11 07:26:14.567,1.44481,1.44517,1.12,1.75
2016.01.11 07:26:14.881,1.44481,1.44517,1.12,3.00
2016.01.11 07:26:21.000,1.44484,1.44519,2.25,1.75
2016.01.11 07:26:21.868,1.44485,1.44522,1.50,2.25
2016.01.11 07:26:22.318,1.44485,1.4452,1.50,2.25
2016.01.11 07:26:24.889,1.44486,1.4452,1.75,2.25
2016.01.11 07:26:24.940,1.44486,1.44523,1.75,3.00
2016.01.11 07:26:27.507,1.44484,1.44518,1.75,1.75
2016.01.11 07:26:27.559,1.44484,1.44519,1.75,1.75
2016.01.11 07:26:28.556,1.44488,1.4452,1.00,3.00
2016.01.11 07:26:29.102,1.44483,1.4452,1.75,3.75
2016.01.11 07:26:31.170,1.44485,1.44516,1.37,1.75
2016.01.11 07:26:31.282,1.44485,1.44511,1.00,1.00
2016.01.11 07:26:31.386,1.44479,1.44515,1.94,2.25
2016.01.11 07:26:31.704,1.44479,1.44513,1.94,2.25
2016.01.11 07:26:32.307,1.44479,1.44513,1.94,2.25
2016.01.11 07:26:35.306,1.44478,1.44513,1.12,3.00
2016.01.11 07:26:37.303,1.44475,1.44511,1.50,1.75
2016.01.11 07:26:37.354,1.44475,1.44511,1.50,3.00
2016.01.11 07:26:37.506,1.44475,1.44511,2.25,2.25
2016.01.11 07:26:37.557,1.44479,1.44507,1.00,1.00
2016.01.11 07:26:38.730,1.44475,1.44509,1.50,1.75
2016.01.11 07:26:39.131,1.44475,1.44509,1.50,2.25
2016.01.11 07:26:42.835,1.44475,1.4451,2.25,2.25
2016.01.11 07:26:42.887,1.44475,1.44513,2.25,1.75
2016.01.11 07:26:48.762,1.44475,1.4451,1.50,3.00
2016.01.11 07:26:48.813,1.44475,1.44506,1.00,1.75
2016.01.11 07:26:48.864,1.4447,1.44506,2.25,1.75
2016.01.11 07:26:48.915,1.4447,1.44505,1.50,1.75
2016.01.11 07:26:54.323,1.44468,1.44506,1.75,1.75
2016.01.11 07:26:54.374,1.44469,1.44506,1.75,1.75
2016.01.11 07:27:10.801,1.4447,1.44507,2.25,1.75
2016.01.11 07:27:11.315,1.4447,1.44507,2.25,3.00
2016.01.11 07:27:21.987,1.44468,1.44503,2.25,1.75
2016.01.11 07:27:22.089,1.44468,1.44505,2.25,2.25
2016.01.11 07:27:22.353,1.4447,1.44506,1.37,3.00
2016.01.11 07:27:22.404,1.4447,1.44506,1.75,1.75
2016.01.11 07:27:30.917,1.44473,1.44506,1.37,1.75
2016.01.11 07:27:31.020,1.44477,1.44505,1.00,1.00
2016.01.11 07:27:31.172,1.44472,1.44508,1.75,1.75
2016.01.11 07:27:31.223,1.4447,1.44508,1.75,1.75
2016.01.11 07:27:42.031,1.44468,1.44505,1.75,3.00
2016.01.11 07:27:42.082,1.44468,1.44504,1.75,2.25
2016.01.11 07:27:46.846,1.44466,1.44496,2.25,1.37
2016.01.11 07:27:46.898,1.44467,1.44495,1.00,1.00
2016.01.11 07:27:46.949,1.44462,1.44496,1.50,1.75
2016.01.11 07:27:47.000,1.44462,1.44496,1.50,3.00
2016.01.11 07:27:47.203,1.44458,1.44492,1.50,1.75
2016.01.11 07:27:47.557,1.44452,1.44488,3.00,3.00
2016.01.11 07:27:47.608,1.44453,1.44481,1.00,1.00
2016.01.11 07:27:50.653,1.44454,1.44481,1.00,1.00
2016.01.11 07:27:50.754,1.44456,1.44488,1.37,2.25
2016.01.11 07:27:50.805,1.44459,1.44487,1.00,1.00
2016.01.11 07:27:50.856,1.44459,1.44494,1.50,2.25
2016.01.11 07:27:50.907,1.44459,1.44496,1.75,3.00
2016.01.11 07:27:56.283,1.44466,1.44496,1.00,2.25
2016.01.11 07:27:56.435,1.44471,1.44499,1.00,1.00
2016.01.11 07:27:57.789,1.44464,1.44501,3.75,1.12
2016.01.11 07:27:57.842,1.44464,1.44501,1.75,1.12
2016.01.11 07:27:58.068,1.44461,1.44498,1.75,2.25
2016.01.11 07:27:58.124,1.44461,1.44498,1.75,3.75
2016.01.11 07:28:00.567,1.44465,1.44498,1.50,2.25
2016.01.11 07:28:00.669,1.44468,1.44496,1.00,1.00
2016.01.11 07:28:02.110,1.44463,1.445,1.75,2.25
2016.01.11 07:28:02.161,1.44462,1.44499,1.75,2.25
2016.01.11 07:28:02.497,1.44461,1.44496,2.62,2.25
2016.01.11 07:28:02.549,1.44461,1.44489,1.87,1.00
2016.01.11 07:28:02.769,1.44458,1.44492,1.12,2.25
2016.01.11 07:28:03.354,1.44458,1.44491,1.37,2.25
2016.01.11 07:28:03.646,1.44457,1.44491,1.75,2.25
2016.01.11 07:28:03.697,1.44457,1.44493,1.75,1.75
2016.01.11 07:28:03.799,1.44457,1.44489,1.37,2.25
2016.01.11 07:28:03.850,1.44454,1.44486,1.87,1.75
2016.01.11 07:28:03.901,1.44451,1.44485,1.75,2.25
2016.01.11 07:28:04.205,1.44446,1.44483,1.75,2.25
2016.01.11 07:28:04.458,1.44442,1.44479,1.75,1.75
2016.01.11 07:28:06.677,1.44439,1.44473,1.37,1.75
2016.01.11 07:28:07.168,1.44432,1.44469,4.12,1.50
2016.01.11 07:28:07.219,1.44432,1.44469,2.62,1.75
2016.01.11 07:28:07.990,1.44435,1.44472,2.25,1.75
2016.01.11 07:28:08.092,1.44438,1.44466,1.00,1.00
2016.01.11 07:28:10.161,1.44438,1.44465,1.00,1.00
2016.01.11 07:28:10.213,1.44432,1.44464,1.50,2.25
2016.01.11 07:28:10.719,1.44427,1.44463,1.75,1.12
2016.01.11 07:28:10.922,1.44434,1.44462,1.00,1.00
2016.01.11 07:28:11.023,1.44429,1.44457,1.00,1.00
2016.01.11 07:28:11.328,1.44431,1.44463,1.12,1.12
2016.01.11 07:28:14.404,1.44436,1.44463,1.00,1.00
2016.01.11 07:28:25.147,1.44429,1.44465,1.75,2.25
2016.01.11 07:28:25.249,1.44427,1.44462,1.87,2.25
2016.01.11 07:28:25.351,1.44426,1.44458,1.37,2.25
2016.01.11 07:28:25.655,1.44421,1.44453,1.37,2.25
2016.01.11 07:28:26.198,1.44421,1.44455,1.87,2.25
2016.01.11 07:28:26.249,1.44421,1.44457,2.25,3.00
2016.01.11 07:28:26.300,1.44421,1.44454,2.25,2.25
2016.01.11 07:28:26.606,1.44419,1.44451,1.12,2.25
2016.01.11 07:28:27.136,1.4442,1.44451,1.00,2.25
2016.01.11 07:28:27.685,1.44417,1.44451,1.12,2.25
2016.01.11 07:28:28.246,1.44418,1.44451,1.37,2.25
2016.01.11 07:28:29.164,1.44417,1.44448,1.12,2.25
2016.01.11 07:28:29.570,1.44415,1.44442,1.00,1.50
2016.01.11 07:28:29.671,1.44411,1.44438,1.75,1.87
2016.01.11 07:28:29.722,1.44407,1.44438,1.00,2.25
2016.01.11 07:28:29.773,1.44402,1.44438,1.75,2.25
2016.01.11 07:28:29.825,1.44402,1.44425,1.75,1.00
2016.01.11 07:28:29.926,1.44398,1.44425,1.12,1.00
2016.01.11 07:28:29.978,1.44397,1.44425,1.50,1.00
2016.01.11 07:28:30.029,1.44402,1.4443,1.50,1.00
2016.01.11 07:28:30.081,1.44402,1.44437,1.50,2.25
2016.01.11 07:28:30.131,1.44407,1.44435,1.00,1.00
2016.01.11 07:28:30.241,1.44401,1.44439,1.00,1.00
2016.01.11 07:28:30.342,1.44399,1.4444,1.12,1.00
2016.01.11 07:28:30.393,1.44402,1.4444,1.00,1.00
2016.01.11 07:28:30.546,1.44399,1.44439,1.12,1.00
2016.01.11 07:28:30.597,1.44397,1.44435,1.37,1.00
2016.01.11 07:28:30.699,1.44396,1.44437,1.50,1.00
2016.01.11 07:28:31.036,1.44398,1.44437,1.00,1.00
2016.01.11 07:28:31.628,1.44398,1.44438,1.12,1.00
2016.01.11 07:28:32.669,1.44398,1.44437,1.12,1.00
2016.01.11 07:28:33.100,1.44395,1.44433,1.37,1.00
2016.01.11 07:28:33.151,1.44395,1.44433,1.00,1.50
2016.01.11 07:28:33.203,1.44392,1.44432,1.87,1.00
2016.01.11 07:28:33.254,1.44392,1.44428,1.00,1.00
2016.01.11 07:28:33.355,1.44388,1.44427,1.00,1.00
2016.01.11 07:28:33.477,1.4439,1.44426,1.00,1.00
2016.01.11 07:28:33.529,1.44388,1.44427,1.00,1.00
2016.01.11 07:28:33.681,1.44385,1.44424,1.12,1.50
2016.01.11 07:28:33.833,1.44383,1.44424,1.50,1.50
2016.01.11 07:28:33.935,1.44384,1.44422,1.00,1.00
2016.01.11 07:28:34.248,1.44385,1.44424,1.00,1.00
2016.01.11 07:28:34.523,1.44387,1.44428,1.50,2.25
2016.01.11 07:28:34.675,1.44389,1.44429,1.00,1.50
2016.01.11 07:28:34.726,1.44394,1.44429,1.00,1.00
2016.01.11 07:28:35.237,1.44395,1.44431,1.00,1.37
2016.01.11 07:28:35.838,1.44396,1.44433,1.00,1.37
2016.01.11 07:28:36.220,1.44394,1.44433,1.00,1.37
2016.01.11 07:28:36.423,1.44394,1.44433,1.00,1.00
2016.01.11 07:28:36.962,1.44395,1.44433,1.00,1.00
2016.01.11 07:28:37.526,1.44397,1.44433,1.00,1.00
2016.01.11 07:28:38.840,1.44397,1.44434,1.00,1.12
2016.01.11 07:28:39.350,1.44397,1.44433,1.00,1.00
2016.01.11 07:28:39.954,1.44397,1.44434,1.00,1.50
2016.01.11 07:28:40.510,1.44398,1.44434,1.00,1.50
2016.01.11 07:28:41.014,1.44397,1.44434,1.00,1.50
2016.01.11 07:28:41.531,1.44396,1.44435,1.00,1.00
2016.01.11 07:28:42.080,1.44397,1.44434,1.00,1.00
2016.01.11 07:28:42.386,1.44405,1.44441,1.00,1.75
2016.01.11 07:28:42.908,1.44404,1.44442,1.50,1.75
2016.01.11 07:28:43.892,1.44405,1.44443,1.00,1.87
2016.01.11 07:28:44.606,1.44403,1.44443,1.50,2.62
2016.01.11 07:28:44.883,1.44403,1.44443,1.50,2.62
2016.01.11 07:28:46.128,1.44404,1.44442,1.00,1.12
2016.01.11 07:28:46.770,1.44405,1.44442,1.00,1.12
2016.01.11 07:28:47.272,1.44404,1.44442,1.00,1.12
2016.01.11 07:28:47.789,1.44405,1.44441,1.00,1.50
2016.01.11 07:28:48.324,1.44405,1.44441,1.00,1.12
2016.01.11 07:28:48.833,1.44403,1.4444,1.00,1.00
2016.01.11 07:28:49.365,1.44403,1.44442,1.00,2.62
2016.01.11 07:28:51.816,1.44404,1.44442,1.00,2.62
2016.01.11 07:28:52.665,1.44403,1.44442,1.00,2.62
2016.01.11 07:28:52.918,1.44404,1.44441,1.00,1.12
2016.01.11 07:28:53.565,1.44409,1.44442,1.00,1.12
2016.01.11 07:28:53.874,1.44414,1.44449,1.00,1.31
2016.01.11 07:28:54.034,1.44414,1.44449,1.00,1.31
2016.01.11 07:28:54.570,1.44413,1.44449,1.00,1.31
2016.01.11 07:28:55.162,1.44411,1.44449,2.25,1.12
2016.01.11 07:28:56.127,1.44409,1.44447,1.00,1.12
2016.01.11 07:28:56.184,1.44409,1.44447,1.00,1.75
2016.01.11 07:28:57.386,1.44409,1.44438,1.00,1.00
2016.01.11 07:28:57.488,1.44403,1.44436,1.00,1.00
2016.01.11 07:28:57.589,1.44399,1.44437,1.00,1.75
2016.01.11 07:28:57.793,1.444,1.44437,1.00,1.00
2016.01.11 07:28:58.123,1.44398,1.44437,1.50,1.00
2016.01.11 07:28:58.437,1.44401,1.44437,1.00,1.00
2016.01.11 07:28:58.545,1.44398,1.44437,1.00,1.50
2016.01.11 07:28:58.697,1.44396,1.44436,1.50,1.12
2016.01.11 07:28:58.984,1.44399,1.44436,1.00,1.00
2016.01.11 07:28:59.282,1.44399,1.44438,1.50,1.50
2016.01.11 07:28:59.839,1.44399,1.44437,1.00,1.00
2016.01.11 07:29:00.042,1.444,1.44439,1.00,1.12
2016.01.11 07:29:00.244,1.444,1.44437,1.00,1.00
2016.01.11 07:29:00.701,1.444,1.44437,1.00,1.75
2016.01.11 07:29:01.401,1.44401,1.44437,1.00,1.75
2016.01.11 07:29:01.788,1.44399,1.44436,1.00,1.50
2016.01.11 07:29:02.238,1.44397,1.44432,1.50,1.00
2016.01.11 07:29:02.289,1.44394,1.44432,1.50,1.50
2016.01.11 07:29:02.442,1.44393,1.4443,1.00,1.00
2016.01.11 07:29:02.493,1.44391,1.44429,1.50,1.00
2016.01.11 07:29:02.646,1.44389,1.44426,1.00,1.00
2016.01.11 07:29:02.950,1.44387,1.44426,2.25,1.75
2016.01.11 07:29:03.275,1.44389,1.44427,1.00,2.25
2016.01.11 07:29:03.787,1.4439,1.44427,1.00,1.75
2016.01.11 07:29:04.508,1.44392,1.44428,1.00,1.75
2016.01.11 07:29:05.547,1.44392,1.4443,1.00,1.50
2016.01.11 07:29:06.078,1.44393,1.44431,1.00,1.75
2016.01.11 07:29:06.507,1.4439,1.44429,1.37,1.37
2016.01.11 07:29:06.920,1.44389,1.44426,1.00,1.00
2016.01.11 07:29:07.669,1.44388,1.44426,1.50,1.00
2016.01.11 07:29:08.025,1.4439,1.44426,1.00,1.00
2016.01.11 07:29:08.394,1.44389,1.44426,1.00,1.75
2016.01.11 07:29:08.786,1.44387,1.44426,1.50,1.75
2016.01.11 07:29:09.413,1.44388,1.44426,1.00,1.75
2016.01.11 07:29:09.930,1.44389,1.44426,1.00,1.75
2016.01.11 07:29:10.438,1.44388,1.44427,1.00,1.75
2016.01.11 07:29:10.489,1.44386,1.44427,2.25,1.75
2016.01.11 07:29:10.648,1.44388,1.44427,1.00,1.75
2016.01.11 07:29:10.887,1.44386,1.44427,2.25,1.75
2016.01.11 07:29:11.891,1.44387,1.44424,1.00,1.12
2016.01.11 07:29:12.436,1.44387,1.44425,1.00,1.12
2016.01.11 07:29:12.951,1.44386,1.44425,1.50,2.25
2016.01.11 07:29:13.206,1.44386,1.44424,1.00,1.75
2016.01.11 07:29:14.092,1.44385,1.44424,1.00,1.75
2016.01.11 07:29:14.426,1.44384,1.44422,1.00,1.75
2016.01.11 07:29:15.420,1.44382,1.44421,1.50,1.75
2016.01.11 07:29:15.572,1.44379,1.44418,1.50,1.12
2016.01.11 07:29:15.623,1.44379,1.44412,1.00,1.00
2016.01.11 07:29:15.928,1.44376,1.44409,1.00,1.00
2016.01.11 07:29:16.084,1.44374,1.44409,1.00,1.00
2016.01.11 07:29:16.659,1.44373,1.44409,1.00,1.00
2016.01.11 07:29:17.109,1.44371,1.44409,1.50,1.00
2016.01.11 07:29:17.211,1.44373,1.44409,1.00,1.00
2016.01.11 07:29:17.520,1.4437,1.44408,1.50,1.75
2016.01.11 07:29:18.332,1.44371,1.44409,1.00,1.75
2016.01.11 07:29:18.743,1.44371,1.44409,1.00,1.75
2016.01.11 07:29:18.946,1.44366,1.44405,2.25,1.00
2016.01.11 07:29:18.997,1.44366,1.44405,1.50,1.37
2016.01.11 07:29:19.150,1.44362,1.44401,1.50,1.12
2016.01.11 07:29:19.251,1.44361,1.444,1.00,1.37
2016.01.11 07:29:19.555,1.44361,1.44399,1.50,1.50
2016.01.11 07:29:21.074,1.44361,1.44397,1.00,1.12
2016.01.11 07:29:21.824,1.44362,1.44395,1.00,1.00
2016.01.11 07:29:22.026,1.44359,1.44395,1.50,1.37
2016.01.11 07:29:23.531,1.44358,1.44395,1.50,1.87
2016.01.11 07:29:24.123,1.44358,1.44393,1.50,1.37
2016.01.11 07:29:25.356,1.44363,1.44397,1.00,1.37
2016.01.11 07:29:25.407,1.44363,1.44397,1.00,1.00
2016.01.11 07:29:25.458,1.44365,1.44401,1.00,1.00
2016.01.11 07:29:25.863,1.44367,1.44403,1.00,1.12
2016.01.11 07:29:26.369,1.44367,1.44403,1.00,1.37
2016.01.11 07:29:26.420,1.44365,1.44403,1.00,1.37
2016.01.11 07:29:26.964,1.44364,1.44403,1.50,1.87
2016.01.11 07:29:27.106,1.44366,1.44403,1.00,1.87
2016.01.11 07:29:28.211,1.44367,1.44403,1.00,1.87
2016.01.11 07:29:28.759,1.44367,1.44403,1.00,1.87
2016.01.11 07:29:29.319,1.44365,1.44403,1.00,1.87
2016.01.11 07:29:29.788,1.44367,1.44403,1.00,1.87
2016.01.11 07:29:30.346,1.44368,1.44406,1.00,1.75
2016.01.11 07:29:30.805,1.44373,1.44407,1.00,1.12
2016.01.11 07:29:30.856,1.44373,1.44407,1.00,1.37
2016.01.11 07:29:31.008,1.44376,1.4441,1.00,1.12
2016.01.11 07:29:32.975,1.44373,1.4441,1.00,1.12
2016.01.11 07:29:33.522,1.44372,1.4441,1.00,1.12
2016.01.11 07:29:33.926,1.44372,1.4441,1.00,1.37
2016.01.11 07:29:35.974,1.44371,1.4441,1.50,1.37
2016.01.11 07:29:36.347,1.4437,1.44409,1.50,1.75
2016.01.11 07:29:36.583,1.44367,1.44408,1.87,1.75
2016.01.11 07:29:37.457,1.44366,1.44406,1.50,1.87
2016.01.11 07:29:38.293,1.44366,1.44403,1.00,1.00
2016.01.11 07:29:38.890,1.44366,1.44404,1.50,1.00
2016.01.11 07:29:41.127,1.44367,1.44406,1.00,1.75
2016.01.11 07:29:41.182,1.44369,1.44404,1.00,1.12
2016.01.11 07:29:41.494,1.44367,1.44403,1.87,1.50
2016.01.11 07:29:42.154,1.44369,1.44405,1.00,1.87
2016.01.11 07:29:42.697,1.44368,1.44404,1.00,1.12
2016.01.11 07:29:44.143,1.44368,1.44404,1.00,1.12
2016.01.11 07:29:47.095,1.4437,1.44404,1.00,1.00
2016.01.11 07:29:47.399,1.44371,1.44407,1.00,1.12
2016.01.11 07:29:47.661,1.44369,1.44407,1.50,1.12
2016.01.11 07:29:47.935,1.44366,1.44405,1.50,2.25
2016.01.11 07:29:48.439,1.44364,1.44402,1.87,1.75
2016.01.11 07:29:49.085,1.44364,1.444,1.00,1.12
2016.01.11 07:29:49.363,1.44363,1.444,1.00,1.75
2016.01.11 07:29:49.901,1.44362,1.44398,1.00,1.87
2016.01.11 07:29:50.312,1.4436,1.44398,1.00,3.00
2016.01.11 07:29:52.180,1.44362,1.44398,1.00,1.12
2016.01.11 07:29:52.333,1.44361,1.44398,1.00,1.12
2016.01.11 07:29:52.777,1.44361,1.44395,1.37,1.12
2016.01.11 07:29:58.273,1.44359,1.44393,2.25,1.12
2016.01.11 07:29:58.790,1.44363,1.44394,2.25,1.12
2016.01.11 07:29:59.907,1.4436,1.44392,1.75,1.12
2016.01.11 07:30:00.014,1.44359,1.44391,1.75,1.12
2016.01.11 07:30:00.116,1.44356,1.4438,1.12,1.12
2016.01.11 07:30:00.218,1.44358,1.44386,1.00,1.75
2016.01.11 07:30:00.700,1.44362,1.4439,1.00,1.75
2016.01.11 07:30:01.137,1.44358,1.44386,1.12,1.12
2016.01.11 07:30:01.238,1.44356,1.44383,1.00,1.12
2016.01.11 07:30:01.289,1.44361,1.44383,1.00,1.12
2016.01.11 07:30:01.340,1.44361,1.44387,1.00,1.75
2016.01.11 07:30:01.604,1.44356,1.44389,2.25,1.75
2016.01.11 07:30:01.858,1.44358,1.44386,1.00,1.75
2016.01.11 07:30:01.909,1.44356,1.44386,1.00,1.75
2016.01.11 07:30:02.213,1.44355,1.44383,1.00,1.75
2016.01.11 07:30:02.264,1.44351,1.44383,2.25,1.75
2016.01.11 07:30:02.315,1.44351,1.44376,1.00,1.00
2016.01.11 07:30:02.620,1.4435,1.44372,1.50,1.00
2016.01.11 07:30:04.459,1.44347,1.44372,1.00,1.00
2016.01.11 07:30:05.894,1.44351,1.44372,1.00,1.00
2016.01.11 07:30:08.218,1.44356,1.44375,1.00,1.00
2016.01.11 07:30:08.421,1.44351,1.44375,1.00,1.00
2016.01.11 07:30:08.625,1.4435,1.44378,1.50,1.12
2016.01.11 07:30:08.885,1.4435,1.44378,1.00,1.12
2016.01.11 07:30:08.936,1.4435,1.44378,1.12,1.00
2016.01.11 07:30:09.720,1.44354,1.44382,1.00,1.75
2016.01.11 07:30:10.234,1.44355,1.44382,1.00,1.75
2016.01.11 07:30:10.655,1.44355,1.44382,1.00,1.00
2016.01.11 07:30:11.177,1.44356,1.44382,1.00,1.00
2016.01.11 07:30:12.753,1.44356,1.44388,1.75,1.12
2016.01.11 07:30:13.194,1.44358,1.44389,1.50,1.87
2016.01.11 07:30:15.405,1.44356,1.44386,1.75,1.00
2016.01.11 07:30:15.507,1.44355,1.44382,2.25,1.00
2016.01.11 07:30:15.558,1.44355,1.44382,1.87,1.00
2016.01.11 07:30:15.710,1.4436,1.44385,1.00,1.75
2016.01.11 07:30:16.345,1.44361,1.44387,1.00,1.75
2016.01.11 07:30:17.252,1.4436,1.44387,1.00,1.75
2016.01.11 07:30:18.543,1.44361,1.44387,1.00,1.75
2016.01.11 07:30:18.967,1.44361,1.44388,1.00,1.75
2016.01.11 07:30:19.068,1.4436,1.44388,1.75,1.12
2016.01.11 07:30:19.786,1.4436,1.44386,1.00,1.00
2016.01.11 07:30:21.588,1.4436,1.4439,2.25,1.37
2016.01.11 07:30:23.387,1.44366,1.4439,1.00,1.37
2016.01.11 07:30:23.489,1.44366,1.44392,1.00,1.75
2016.01.11 07:30:23.996,1.44365,1.44392,2.25,1.37
2016.01.11 07:30:24.256,1.44371,1.44392,1.00,1.37
2016.01.11 07:30:24.803,1.4437,1.44392,1.00,1.37
2016.01.11 07:30:24.905,1.4437,1.44395,1.00,1.12
2016.01.11 07:30:25.413,1.44371,1.44395,1.00,1.12
2016.01.11 07:30:25.915,1.4437,1.44395,1.00,1.12
2016.01.11 07:30:26.503,1.44371,1.44395,1.00,1.12
2016.01.11 07:30:26.860,1.4437,1.44398,1.50,1.37
2016.01.11 07:30:35.973,1.4437,1.44397,1.50,1.50
2016.01.11 07:30:36.025,1.4437,1.44394,1.50,1.37
2016.01.11 07:30:36.177,1.44368,1.44394,1.12,1.50
2016.01.11 07:30:37.409,1.44368,1.44395,1.12,1.87
2016.01.11 07:30:38.027,1.44368,1.44394,1.12,1.50
2016.01.11 07:30:40.132,1.44368,1.44394,1.50,1.50
2016.01.11 07:30:42.937,1.4437,1.44397,1.00,1.00
2016.01.11 07:30:43.622,1.44368,1.44397,1.75,1.37
2016.01.11 07:30:43.723,1.44368,1.44395,1.00,1.37
2016.01.11 07:30:44.231,1.44368,1.44395,1.00,1.87
2016.01.11 07:30:44.632,1.44368,1.44394,1.00,1.87
2016.01.11 07:30:45.840,1.44368,1.44391,1.00,1.75
2016.01.11 07:30:45.891,1.44361,1.44388,1.00,1.00
2016.01.11 07:30:48.076,1.4436,1.44388,1.00,1.00
2016.01.11 07:30:48.583,1.44361,1.44388,1.00,1.00
2016.01.11 07:30:49.813,1.4436,1.44389,2.25,1.37
2016.01.11 07:30:49.915,1.44362,1.44389,1.37,1.00
2016.01.11 07:30:50.220,1.44367,1.44396,1.75,1.87
2016.01.11 07:30:51.139,1.44371,1.44397,1.00,1.37
2016.01.11 07:30:51.646,1.44369,1.44397,1.37,1.50
2016.01.11 07:30:52.149,1.44369,1.44397,1.37,1.50
2016.01.11 07:30:52.674,1.44369,1.44397,1.37,1.00
2016.01.11 07:30:54.657,1.44369,1.44397,1.00,1.00
2016.01.11 07:30:55.026,1.44369,1.444,1.50,1.37
2016.01.11 07:30:55.128,1.44369,1.444,1.75,1.37
2016.01.11 07:30:55.865,1.44375,1.44401,1.00,1.12
2016.01.11 07:30:55.967,1.44371,1.44401,2.06,1.87
2016.01.11 07:30:58.198,1.44372,1.44399,1.50,1.12
2016.01.11 07:30:59.997,1.4437,1.44395,1.75,1.50
2016.01.11 07:31:00.302,1.44371,1.44393,1.12,1.75
2016.01.11 07:31:00.454,1.44365,1.44391,2.25,1.37
2016.01.11 07:31:00.607,1.44361,1.44385,1.50,1.37
2016.01.11 07:31:00.679,1.44361,1.44385,1.50,1.37
2016.01.11 07:31:01.033,1.44359,1.44382,1.00,1.50
2016.01.11 07:31:01.337,1.44359,1.44382,1.37,1.37
2016.01.11 07:31:01.885,1.44359,1.44382,1.37,1.00
2016.01.11 07:31:02.632,1.44359,1.44382,1.00,1.00
2016.01.11 07:31:03.895,1.44359,1.44383,1.00,1.00
2016.01.11 07:31:05.107,1.44356,1.44383,1.87,1.00
2016.01.11 07:31:10.218,1.44355,1.44382,1.87,1.00
2016.01.11 07:31:10.896,1.44355,1.44383,1.37,1.50
2016.01.11 07:31:11.048,1.44361,1.44383,1.00,1.50
2016.01.11 07:31:11.352,1.44359,1.44387,1.12,1.50
2016.01.11 07:31:11.682,1.44355,1.44387,2.25,1.12
2016.01.11 07:31:12.274,1.44355,1.44387,2.25,3.37
2016.01.11 07:31:12.325,1.44355,1.44384,1.50,1.75
2016.01.11 07:31:12.377,1.44355,1.44384,1.37,1.75
2016.01.11 07:31:12.428,1.44355,1.44384,1.00,1.75
2016.01.11 07:31:14.356,1.44355,1.44383,1.12,1.37
2016.01.11 07:31:16.523,1.44356,1.44383,1.37,1.12
2016.01.11 07:31:16.859,1.44361,1.44384,1.00,1.12
2016.01.11 07:31:18.848,1.44356,1.44384,2.25,1.12
2016.01.11 07:31:18.963,1.44357,1.44388,1.50,1.75
2016.01.11 07:31:19.015,1.44361,1.4439,1.00,1.75
2016.01.11 07:31:19.321,1.44363,1.44391,1.50,2.62
2016.01.11 07:31:19.372,1.44366,1.44391,1.00,1.12
2016.01.11 07:31:19.580,1.44368,1.44394,1.00,1.75
2016.01.11 07:31:19.783,1.44372,1.44396,1.37,1.50
2016.01.11 07:31:19.885,1.44381,1.44406,1.00,2.25
2016.01.11 07:31:19.936,1.44383,1.44406,1.00,1.50
2016.01.11 07:31:20.241,1.44394,1.44409,1.00,1.00
2016.01.11 07:31:20.783,1.44396,1.44409,1.00,1.00
2016.01.11 07:31:20.834,1.44396,1.44421,1.00,1.00
2016.01.11 07:31:20.986,1.444,1.44421,1.00,1.00
2016.01.11 07:31:21.087,1.44395,1.44424,1.75,1.50
2016.01.11 07:31:21.138,1.44395,1.44418,1.75,1.37
2016.01.11 07:31:21.189,1.44395,1.44418,1.00,1.37
2016.01.11 07:31:21.240,1.44397,1.44417,1.00,1.37
2016.01.11 07:31:21.302,1.44395,1.44417,1.00,1.37
2016.01.11 07:31:21.454,1.44394,1.44424,1.00,1.75
2016.01.11 07:31:21.522,1.44397,1.44424,1.00,1.75
2016.01.11 07:31:22.001,1.44398,1.44424,1.00,1.37
2016.01.11 07:31:22.516,1.44399,1.44424,1.00,1.37
2016.01.11 07:31:22.719,1.44397,1.44428,1.75,2.25
2016.01.11 07:31:23.723,1.44395,1.44424,1.75,1.00
2016.01.11 07:31:23.825,1.44391,1.44423,1.00,2.25
2016.01.11 07:31:24.354,1.4439,1.44423,1.12,2.25
2016.01.11 07:31:24.406,1.44396,1.44424,1.00,2.62
2016.01.11 07:31:27.179,1.44397,1.44422,1.00,1.12
2016.01.11 07:31:28.282,1.44395,1.44422,1.00,1.12
2016.01.11 07:31:28.607,1.44397,1.44424,1.00,1.75
2016.01.11 07:31:30.109,1.444,1.44423,1.00,1.37
2016.01.11 07:31:30.213,1.44397,1.44424,1.00,1.00
2016.01.11 07:31:30.264,1.44403,1.44424,1.00,1.00
2016.01.11 07:31:30.340,1.44401,1.44424,1.00,1.00
2016.01.11 07:31:30.492,1.44399,1.4443,1.00,1.12
2016.01.11 07:31:30.543,1.44402,1.4443,1.00,1.12
2016.01.11 07:31:30.698,1.44402,1.4443,1.37,1.12
2016.01.11 07:31:30.750,1.44402,1.4443,1.50,1.37
2016.01.11 07:31:31.016,1.44405,1.4443,1.00,1.37
2016.01.11 07:31:31.520,1.44405,1.44432,1.37,1.12
2016.01.11 07:31:33.185,1.44406,1.44432,1.12,1.00
2016.01.11 07:31:33.731,1.44407,1.44432,1.00,1.00
2016.01.11 07:31:33.783,1.44407,1.44434,1.37,1.87
2016.01.11 07:31:36.012,1.44407,1.44434,1.50,1.00
2016.01.11 07:31:37.224,1.4441,1.44434,1.00,1.00
2016.01.11 07:31:37.377,1.44412,1.44434,1.00,1.00
2016.01.11 07:31:37.682,1.44416,1.44438,1.00,1.12
2016.01.11 07:31:39.091,1.44416,1.4444,1.00,1.50
2016.01.11 07:31:40.786,1.44419,1.44441,1.00,1.37
2016.01.11 07:31:40.888,1.44419,1.44448,1.00,1.87
2016.01.11 07:31:40.939,1.44419,1.44448,1.00,1.87
2016.01.11 07:31:41.465,1.4442,1.44448,1.00,1.87
2016.01.11 07:31:41.871,1.44422,1.44448,1.00,1.12
2016.01.11 07:31:42.091,1.4442,1.44448,1.00,1.12
2016.01.11 07:31:43.632,1.44419,1.44449,1.00,2.25
2016.01.11 07:31:50.346,1.4442,1.44449,1.00,1.75
2016.01.11 07:31:50.842,1.44423,1.44449,1.00,1.87
2016.01.11 07:31:51.155,1.44433,1.44458,1.37,1.37
2016.01.11 07:31:51.479,1.4444,1.44465,1.37,1.12
2016.01.11 07:31:51.885,1.44444,1.44471,1.00,1.12
2016.01.11 07:31:52.461,1.44445,1.44471,1.00,1.12
2016.01.11 07:31:53.092,1.44446,1.44471,1.00,1.12
2016.01.11 07:31:53.245,1.44448,1.44475,1.00,1.75
2016.01.11 07:31:53.761,1.44447,1.44475,1.50,1.00
2016.01.11 07:31:53.963,1.44446,1.44478,1.37,2.25
2016.01.11 07:31:54.081,1.44445,1.44477,1.50,1.75
2016.01.11 07:31:54.456,1.44447,1.44478,1.12,3.00
2016.01.11 07:31:54.558,1.44447,1.44475,1.50,1.00
2016.01.11 07:31:59.266,1.44448,1.44479,1.37,1.87
2016.01.11 07:31:59.570,1.44456,1.44489,1.87,2.25
2016.01.11 07:31:59.622,1.44456,1.44488,1.12,1.50
2016.01.11 07:31:59.723,1.44456,1.44488,1.50,3.00
2016.01.11 07:31:59.825,1.44456,1.44481,1.12,1.00
2016.01.11 07:32:00.429,1.44454,1.44481,1.00,1.00
2016.01.11 07:32:00.962,1.44453,1.44481,1.50,1.00
2016.01.11 07:32:01.013,1.44455,1.44481,1.00,1.00
2016.01.11 07:32:02.001,1.44456,1.44481,1.00,1.00
2016.01.11 07:32:02.661,1.44454,1.44481,1.00,1.00
2016.01.11 07:32:03.425,1.44454,1.44487,1.37,1.87
2016.01.11 07:32:03.476,1.44454,1.44487,1.75,1.87
2016.01.11 07:32:06.336,1.44451,1.44486,2.62,3.00
2016.01.11 07:32:06.387,1.44451,1.44486,2.62,3.00
2016.01.11 07:32:09.823,1.44454,1.44484,1.00,1.12
2016.01.11 07:32:10.336,1.44453,1.44484,1.12,1.87
2016.01.11 07:32:10.842,1.44454,1.44484,1.00,1.12
2016.01.11 07:32:11.470,1.44452,1.44483,1.37,1.12
2016.01.11 07:32:12.123,1.44454,1.44483,1.00,1.12
2016.01.11 07:32:12.351,1.44451,1.44483,1.12,1.12
2016.01.11 07:32:13.991,1.44449,1.4448,1.12,1.12
2016.01.11 07:32:14.044,1.44449,1.4448,1.00,2.62
2016.01.11 07:32:14.761,1.44446,1.44479,1.50,1.75
2016.01.11 07:32:14.862,1.44446,1.44477,1.12,2.62
2016.01.11 07:32:15.441,1.44447,1.44477,1.00,2.62
2016.01.11 07:32:16.532,1.44444,1.44477,1.12,3.37
2016.01.11 07:32:20.514,1.44445,1.44475,1.00,1.75
2016.01.11 07:32:21.021,1.44446,1.44475,1.00,1.75
2016.01.11 07:32:22.110,1.44443,1.44475,1.87,1.75
2016.01.11 07:32:22.313,1.44446,1.44475,1.00,1.75
2016.01.11 07:32:23.510,1.44445,1.44475,1.00,1.75
2016.01.11 07:32:24.281,1.44443,1.44477,1.87,3.75
2016.01.11 07:32:25.473,1.44443,1.44474,1.00,3.00
2016.01.11 07:32:25.625,1.44445,1.44471,1.00,1.00
2016.01.11 07:32:25.929,1.44445,1.44476,1.50,1.75
2016.01.11 07:32:28.374,1.44444,1.44476,1.50,1.75
2016.01.11 07:32:28.911,1.44444,1.44476,1.12,1.75
2016.01.11 07:32:29.833,1.44446,1.44477,1.00,2.62
2016.01.11 07:32:30.467,1.44448,1.44477,1.00,2.62
2016.01.11 07:32:30.777,1.44452,1.44479,1.00,1.87
2016.01.11 07:32:31.072,1.44453,1.44484,1.00,2.62
2016.01.11 07:32:31.123,1.44453,1.44484,1.37,1.87
2016.01.11 07:32:31.175,1.44453,1.44484,1.75,1.12
2016.01.11 07:32:31.753,1.44457,1.44484,1.00,1.12
2016.01.11 07:32:32.421,1.44455,1.44484,1.50,1.12
2016.01.11 07:32:36.748,1.44457,1.44484,1.00,1.12
2016.01.11 07:32:37.260,1.44458,1.44486,1.00,1.12
2016.01.11 07:32:38.250,1.44459,1.44486,1.00,1.12
2016.01.11 07:32:39.051,1.44455,1.44487,1.50,1.75
2016.01.11 07:32:40.680,1.44453,1.44486,1.50,1.75
2016.01.11 07:32:40.731,1.44453,1.44486,1.12,1.75
2016.01.11 07:32:41.830,1.44451,1.44483,1.50,1.75
2016.01.11 07:32:42.293,1.44451,1.44481,1.37,1.75
2016.01.11 07:32:42.630,1.44448,1.4448,1.00,3.00
2016.01.11 07:32:43.358,1.44447,1.44479,1.50,1.75
2016.01.11 07:32:51.916,1.4445,1.44474,1.00,1.50
2016.01.11 07:32:52.861,1.44446,1.44474,1.50,1.50
2016.01.11 07:32:55.522,1.44446,1.44474,1.37,1.75
2016.01.11 07:32:56.070,1.44446,1.44473,1.00,1.75
2016.01.11 07:32:59.246,1.4445,1.44473,1.00,1.75
2016.01.11 07:32:59.348,1.4445,1.44473,1.37,1.00
2016.01.11 07:32:59.606,1.44446,1.44476,1.50,2.25
2016.01.11 07:32:59.970,1.44446,1.44475,1.00,1.75
2016.01.11 07:33:00.601,1.44442,1.44471,1.37,1.37
2016.01.11 07:33:00.652,1.44441,1.44471,1.50,1.75
2016.01.11 07:33:00.703,1.4444,1.44465,1.50,1.37
2016.01.11 07:33:00.754,1.44436,1.44465,1.87,1.87
2016.01.11 07:33:00.906,1.44436,1.44463,1.37,1.50
2016.01.11 07:33:01.441,1.44436,1.44459,1.50,1.00
2016.01.11 07:33:02.478,1.44436,1.44459,1.37,1.00
2016.01.11 07:33:05.728,1.44436,1.44459,1.50,1.00
2016.01.11 07:33:05.990,1.44436,1.44465,1.50,1.12
2016.01.11 07:33:06.511,1.44436,1.44465,1.87,1.87
2016.01.11 07:33:20.756,1.44436,1.44465,1.00,1.75
2016.01.11 07:33:26.824,1.44436,1.44465,2.62,1.75
2016.01.11 07:33:27.444,1.44436,1.44465,1.87,1.75
2016.01.11 07:33:32.287,1.44441,1.44466,1.00,1.12
2016.01.11 07:33:32.338,1.44441,1.44463,1.00,1.00
2016.01.11 07:33:32.391,1.44441,1.44467,1.87,1.12
2016.01.11 07:33:32.443,1.44444,1.44469,1.37,1.12
2016.01.11 07:33:32.735,1.44444,1.44469,1.37,1.00
2016.01.11 07:33:33.597,1.44448,1.44471,1.00,1.12
2016.01.11 07:33:33.909,1.4445,1.44476,1.50,1.75
2016.01.11 07:33:34.039,1.4445,1.44476,1.50,1.00
2016.01.11 07:33:37.376,1.44456,1.4448,1.37,1.37
2016.01.11 07:33:37.427,1.44456,1.4448,1.37,1.00
2016.01.11 07:33:39.083,1.4446,1.4448,1.00,1.00
2016.01.11 07:33:39.237,1.4446,1.44485,1.00,1.00
2016.01.11 07:33:39.288,1.4446,1.44485,1.37,1.00
2016.01.11 07:33:39.461,1.44463,1.44489,1.00,2.25
2016.01.11 07:33:39.832,1.44465,1.44489,1.00,1.75
2016.01.11 07:33:40.623,1.44468,1.44489,1.00,1.75
2016.01.11 07:33:41.259,1.4447,1.44489,1.00,1.75
2016.01.11 07:33:41.361,1.4447,1.44494,1.50,1.50
2016.01.11 07:33:41.412,1.4447,1.44496,1.50,1.37
