2011.09.22 05:00:00.086,1.39425,1.39474,1.75,1.50
2011.09.22 05:00:00.321,1.39424,1.39474,1.75,1.50
2011.09.22 05:00:00.447,1.39424,1.39474,1.75,1.50
2011.09.22 05:00:00.569,1.39424,1.39474,1.75,1.50
2011.09.22 05:00:00.695,1.39424,1.39482,1.75,1.50
2011.09.22 05:00:00.816,1.39424,1.39482,1.75,1.50
2011.09.22 05:00:01.181,1.39424,1.39474,1.75,1.50
2011.09.22 05:00:02.046,1.39424,1.39474,1.75,1.50
2011.09.22 05:00:02.434,1.39431,1.39483,1.38,1.50
2011.09.22 05:00:02.675,1.3944,1.3949,1.13,1.50
2011.09.22 05:00:02.796,1.3944,1.3949,1.38,1.50
2011.09.22 05:00:03.158,1.39442,1.39499,1.75,2.25
2011.09.22 05:00:03.277,1.39441,1.3949,1.38,1.50
2011.09.22 05:00:03.397,1.39446,1.39499,1.38,1.50
2011.09.22 05:00:03.963,1.39446,1.39499,1.38,1.50
2011.09.22 05:00:09.697,1.39446,1.39499,1.38,1.50
2011.09.22 05:00:10.177,1.39446,1.39499,1.38,1.50
2011.09.22 05:00:10.416,1.39446,1.39497,1.38,1.50
2011.09.22 05:00:10.537,1.39446,1.39499,1.38,1.50
2011.09.22 05:00:11.094,1.39443,1.39496,1.38,1.50
2011.09.22 05:00:11.893,1.39446,1.39499,1.38,1.50
2011.09.22 05:00:13.025,1.39446,1.39499,1.38,1.50
2011.09.22 05:00:14.520,1.3945,1.39499,1.38,1.50
2011.09.22 05:00:18.330,1.3945,1.39498,1.38,1.50
2011.09.22 05:00:18.696,1.39452,1.39502,1.75,1.50
2011.09.22 05:00:19.033,1.39452,1.39502,1.75,1.50
2011.09.22 05:00:19.686,1.39452,1.39502,1.75,2.25
2011.09.22 05:00:20.107,1.39451,1.39502,1.38,2.25
2011.09.22 05:00:22.433,1.3945,1.39502,2.13,1.50
2011.09.22 05:00:22.773,1.3945,1.39502,1.75,1.50
2011.09.22 05:00:23.287,1.3945,1.39502,1.75,1.50
2011.09.22 05:00:23.877,1.39448,1.39502,1.75,1.50
2011.09.22 05:00:27.446,1.3945,1.39502,1.75,1.50
2011.09.22 05:00:29.052,1.39451,1.39502,1.38,1.50
2011.09.22 05:00:30.322,1.39451,1.39502,1.38,1.50
2011.09.22 05:00:30.706,1.3945,1.39502,1.75,1.50
2011.09.22 05:00:31.055,1.3945,1.39502,1.50,1.50
2011.09.22 05:00:31.515,1.3945,1.39502,1.50,1.50
2011.09.22 05:00:32.073,1.3945,1.39502,2.13,1.50
2011.09.22 05:00:39.625,1.3945,1.39502,1.50,1.50
2011.09.22 05:00:40.797,1.39442,1.39494,2.50,1.50
2011.09.22 05:00:41.256,1.39442,1.39494,2.50,1.50
2011.09.22 05:00:41.496,1.39441,1.39494,1.38,1.50
2011.09.22 05:00:42.064,1.39441,1.39494,1.38,1.50
2011.09.22 05:00:44.883,1.39442,1.39494,1.75,1.50
2011.09.22 05:00:47.047,1.3944,1.39494,2.13,1.50
2011.09.22 05:00:47.636,1.3944,1.39494,1.75,1.50
2011.09.22 05:00:49.906,1.39442,1.39494,1.50,1.50
2011.09.22 05:00:50.365,1.39442,1.39498,1.75,1.50
2011.09.22 05:00:50.994,1.39442,1.39494,1.75,1.50
2011.09.22 05:00:52.985,1.39442,1.39494,1.50,1.50
2011.09.22 05:00:53.333,1.39439,1.39494,1.75,1.50
2011.09.22 05:00:53.456,1.39441,1.39494,1.50,1.50
2011.09.22 05:00:53.794,1.3944,1.39494,1.75,1.50
2011.09.22 05:00:55.132,1.39442,1.39494,1.50,1.50
2011.09.22 05:00:56.596,1.39442,1.39494,1.50,1.50
2011.09.22 05:00:57.135,1.39442,1.39494,1.75,1.50
2011.09.22 05:00:57.255,1.39442,1.39494,1.50,1.50
2011.09.22 05:00:58.054,1.39442,1.39494,1.50,1.50
2011.09.22 05:00:58.175,1.39442,1.39498,1.50,1.50
2011.09.22 05:00:58.746,1.39442,1.39498,1.75,1.50
2011.09.22 05:00:59.934,1.39442,1.39498,1.75,1.50
2011.09.22 05:01:03.603,1.39442,1.39496,1.75,1.50
2011.09.22 05:01:03.834,1.39442,1.39501,1.75,1.50
2011.09.22 05:01:07.354,1.39447,1.39501,1.50,1.50
2011.09.22 05:01:18.933,1.39441,1.39501,2.13,2.25
2011.09.22 05:01:25.934,1.39441,1.39496,2.13,1.50
2011.09.22 05:01:26.834,1.39441,1.39496,1.75,1.50
2011.09.22 05:01:31.413,1.39441,1.39496,1.75,1.50
2011.09.22 05:01:31.973,1.39441,1.39496,1.75,1.50
2011.09.22 05:01:32.634,1.39441,1.39496,1.75,1.50
2011.09.22 05:01:32.866,1.39443,1.39493,1.75,1.50
2011.09.22 05:01:33.345,1.39451,1.39501,1.50,1.50
2011.09.22 05:01:34.989,1.39451,1.39501,1.50,1.50
2011.09.22 05:01:35.347,1.39451,1.39501,1.50,1.50
2011.09.22 05:01:35.812,1.39451,1.39501,1.50,1.50
2011.09.22 05:01:37.468,1.39451,1.39506,1.50,1.50
2011.09.22 05:01:37.714,1.3945,1.39509,1.50,1.50
2011.09.22 05:01:38.335,1.39451,1.39509,1.50,1.50
2011.09.22 05:01:40.751,1.3945,1.39509,1.50,1.50
2011.09.22 05:01:40.999,1.39453,1.39509,1.50,1.50
2011.09.22 05:01:41.485,1.39452,1.39509,1.50,1.50
2011.09.22 05:01:42.189,1.39456,1.39515,1.50,1.50
2011.09.22 05:01:42.434,1.39453,1.39509,1.75,1.50
2011.09.22 05:01:43.567,1.3945,1.39509,2.13,1.50
2011.09.22 05:01:47.478,1.39467,1.39524,1.50,1.50
2011.09.22 05:01:47.835,1.39468,1.39524,1.50,1.50
2011.09.22 05:01:48.075,1.39467,1.39524,1.50,1.50
2011.09.22 05:01:49.485,1.3947,1.39526,1.84,2.25
2011.09.22 05:01:50.266,1.39474,1.39526,1.08,1.50
2011.09.22 05:01:50.394,1.39476,1.39526,1.08,1.50
2011.09.22 05:01:50.518,1.39476,1.39534,1.83,1.50
2011.09.22 05:01:50.644,1.39478,1.39534,1.50,1.50
2011.09.22 05:01:51.125,1.39479,1.39541,1.75,2.25
2011.09.22 05:01:52.294,1.39478,1.39533,1.75,1.50
2011.09.22 05:01:52.530,1.39481,1.39533,1.13,1.50
2011.09.22 05:01:52.660,1.39481,1.39533,1.38,1.50
2011.09.22 05:01:53.728,1.39481,1.39533,1.38,1.50
2011.09.22 05:01:54.086,1.39481,1.39542,1.38,1.50
2011.09.22 05:02:00.004,1.39481,1.39542,2.13,1.50
2011.09.22 05:02:00.837,1.39479,1.39542,1.75,1.50
2011.09.22 05:02:01.406,1.39482,1.39542,1.38,1.50
2011.09.22 05:02:03.464,1.39482,1.39542,1.75,1.50
2011.09.22 05:02:07.246,1.39482,1.39542,1.75,1.50
2011.09.22 05:02:07.873,1.39483,1.39542,1.75,1.50
2011.09.22 05:02:09.274,1.39486,1.39542,1.38,1.50
2011.09.22 05:02:12.065,1.39488,1.39542,1.38,1.50
2011.09.22 05:02:12.307,1.39488,1.39542,1.38,1.50
2011.09.22 05:02:12.426,1.39488,1.39549,1.38,2.25
2011.09.22 05:02:13.124,1.39492,1.39549,1.38,1.50
2011.09.22 05:02:13.365,1.39491,1.39542,1.38,1.50
2011.09.22 05:02:13.844,1.39492,1.39549,1.38,1.50
2011.09.22 05:02:13.966,1.39497,1.39549,1.38,1.50
2011.09.22 05:02:14.085,1.39497,1.39549,1.38,1.50
2011.09.22 05:02:14.680,1.39497,1.39549,1.38,1.50
2011.09.22 05:02:15.532,1.39497,1.39549,1.38,1.50
2011.09.22 05:02:15.895,1.39501,1.39558,1.75,1.50
2011.09.22 05:02:16.445,1.39505,1.39558,1.50,1.50
2011.09.22 05:02:16.795,1.39497,1.39558,1.38,1.50
2011.09.22 05:02:18.106,1.39497,1.39558,2.13,1.50
2011.09.22 05:02:19.049,1.39497,1.3955,1.38,1.50
2011.09.22 05:02:19.541,1.39491,1.3955,2.13,1.50
2011.09.22 05:02:19.946,1.39491,1.3955,2.13,1.50
2011.09.22 05:02:20.073,1.39498,1.3955,1.38,1.50
2011.09.22 05:02:20.429,1.39504,1.39558,1.13,1.50
2011.09.22 05:02:20.785,1.39498,1.3955,1.38,1.50
2011.09.22 05:02:20.903,1.39498,1.3955,1.38,1.50
2011.09.22 05:02:21.467,1.39498,1.3955,1.38,1.50
2011.09.22 05:02:21.825,1.39502,1.3955,1.38,1.50
2011.09.22 05:02:21.948,1.39503,1.3955,1.75,1.50
2011.09.22 05:02:22.317,1.39498,1.3955,1.75,1.50
2011.09.22 05:02:23.417,1.39498,1.3955,1.75,1.50
2011.09.22 05:02:23.995,1.39498,1.3955,1.75,1.50
2011.09.22 05:02:24.953,1.39498,1.3955,2.50,1.50
2011.09.22 05:02:27.422,1.395,1.3955,1.75,1.50
2011.09.22 05:02:29.646,1.39498,1.3955,1.75,1.50
2011.09.22 05:02:30.555,1.39498,1.3955,1.75,1.50
2011.09.22 05:02:33.629,1.39498,1.3955,1.38,1.50
2011.09.22 05:02:34.615,1.39498,1.3955,1.38,1.50
2011.09.22 05:02:35.183,1.39498,1.3955,1.38,1.50
2011.09.22 05:02:37.462,1.39498,1.3955,1.38,1.50
2011.09.22 05:02:37.708,1.39498,1.3955,1.38,1.50
2011.09.22 05:02:39.758,1.39498,1.3955,1.38,1.50
2011.09.22 05:02:40.114,1.39498,1.3955,1.38,1.50
2011.09.22 05:02:40.419,1.39498,1.3955,1.38,1.50
2011.09.22 05:02:42.928,1.39498,1.3955,1.38,1.50
2011.09.22 05:02:43.525,1.39498,1.3955,1.38,1.50
2011.09.22 05:02:44.195,1.39498,1.3955,1.38,1.50
2011.09.22 05:02:44.792,1.39498,1.3955,1.38,1.50
2011.09.22 05:02:46.703,1.39498,1.3955,1.75,1.50
2011.09.22 05:02:49.434,1.39498,1.3955,1.75,1.50
2011.09.22 05:02:49.953,1.39498,1.3955,1.75,1.50
2011.09.22 05:02:50.776,1.39498,1.3955,1.75,1.50
2011.09.22 05:02:51.260,1.39498,1.3955,1.75,1.50
2011.09.22 05:02:51.629,1.39498,1.3955,1.75,1.50
2011.09.22 05:02:51.878,1.39498,1.39551,1.75,1.50
2011.09.22 05:02:52.512,1.39506,1.39558,1.38,2.25
2011.09.22 05:02:53.103,1.39506,1.39558,1.38,2.25
2011.09.22 05:02:53.227,1.39506,1.39558,1.38,2.25
2011.09.22 05:02:53.804,1.39506,1.39557,1.38,1.50
2011.09.22 05:02:54.393,1.39506,1.39557,1.38,1.50
2011.09.22 05:02:54.917,1.39506,1.39557,1.38,1.50
2011.09.22 05:02:55.155,1.39506,1.39558,1.38,1.50
2011.09.22 05:02:55.395,1.39506,1.39558,2.13,1.50
2011.09.22 05:02:57.826,1.39506,1.39558,1.38,1.50
2011.09.22 05:02:58.417,1.39509,1.39558,1.38,1.50
2011.09.22 05:03:00.246,1.39505,1.39558,1.75,1.50
2011.09.22 05:03:01.384,1.39502,1.39558,2.13,1.50
2011.09.22 05:03:07.807,1.39506,1.39558,1.50,1.50
2011.09.22 05:03:08.155,1.39505,1.39558,1.75,1.50
2011.09.22 05:03:09.124,1.39502,1.39558,1.38,1.50
2011.09.22 05:03:09.699,1.39502,1.3955,1.38,1.50
2011.09.22 05:03:10.380,1.39502,1.3955,1.38,1.50
2011.09.22 05:03:10.893,1.39502,1.3955,1.38,1.50
2011.09.22 05:03:15.811,1.39502,1.3955,1.38,1.50
2011.09.22 05:03:17.565,1.39502,1.3955,1.38,1.50
2011.09.22 05:03:18.689,1.39506,1.39558,1.38,1.50
2011.09.22 05:03:18.936,1.39506,1.39558,1.38,1.50
2011.09.22 05:03:20.134,1.39506,1.39558,1.38,1.50
2011.09.22 05:03:20.616,1.39506,1.39558,1.38,1.50
2011.09.22 05:03:22.644,1.39506,1.39558,1.38,2.25
2011.09.22 05:03:23.314,1.39506,1.39558,1.38,2.25
2011.09.22 05:03:23.877,1.39506,1.39558,1.38,2.25
2011.09.22 05:03:24.804,1.39506,1.39558,1.38,2.25
2011.09.22 05:03:25.282,1.39506,1.39558,1.38,2.25
2011.09.22 05:03:26.053,1.395,1.39558,1.38,2.25
2011.09.22 05:03:27.308,1.39495,1.39548,1.33,1.50
2011.09.22 05:03:27.428,1.39488,1.39539,1.67,1.50
2011.09.22 05:03:27.546,1.39485,1.39539,1.38,1.50
2011.09.22 05:03:27.665,1.39485,1.39539,1.38,1.50
2011.09.22 05:03:27.908,1.39484,1.39531,1.75,1.50
2011.09.22 05:03:28.267,1.39476,1.39522,1.38,1.50
2011.09.22 05:03:28.772,1.39479,1.39531,1.75,1.50
2011.09.22 05:03:29.567,1.3948,1.39531,1.75,1.50
2011.09.22 05:03:29.916,1.3948,1.39531,1.38,1.50
2011.09.22 05:03:30.275,1.3948,1.39531,1.75,1.50
2011.09.22 05:03:30.393,1.3948,1.39531,1.75,1.50
2011.09.22 05:03:31.076,1.39481,1.39531,1.75,1.50
2011.09.22 05:03:32.228,1.39481,1.39531,1.75,1.50
2011.09.22 05:03:32.896,1.39483,1.39531,1.38,1.50
2011.09.22 05:03:35.883,1.39487,1.39531,1.38,1.50
2011.09.22 05:03:38.714,1.39486,1.39531,1.38,1.50
2011.09.22 05:03:38.950,1.39487,1.3954,2.13,1.50
2011.09.22 05:03:39.074,1.3949,1.3954,1.13,1.50
2011.09.22 05:03:39.423,1.3949,1.3954,1.38,1.50
2011.09.22 05:03:40.126,1.3949,1.3954,1.38,1.50
2011.09.22 05:03:40.484,1.39485,1.39532,1.75,1.50
2011.09.22 05:03:42.197,1.39489,1.39532,1.38,1.50
2011.09.22 05:03:42.933,1.39482,1.39532,2.50,1.50
2011.09.22 05:03:43.523,1.39482,1.39532,2.50,1.50
2011.09.22 05:03:44.084,1.39484,1.39532,1.75,1.50
2011.09.22 05:03:44.655,1.39482,1.39532,2.50,1.50
2011.09.22 05:03:45.113,1.39482,1.39532,1.75,1.50
2011.09.22 05:03:48.272,1.39482,1.39532,1.75,1.50
2011.09.22 05:03:50.325,1.39482,1.39532,1.75,1.50
2011.09.22 05:03:55.066,1.39482,1.39532,1.75,1.50
2011.09.22 05:03:55.186,1.39482,1.39532,1.38,1.50
2011.09.22 05:03:56.069,1.39482,1.39532,1.38,1.50
2011.09.22 05:04:01.334,1.39482,1.39532,1.38,1.50
2011.09.22 05:04:03.415,1.39482,1.39532,1.38,1.50
2011.09.22 05:04:04.034,1.39482,1.39532,1.38,1.50
2011.09.22 05:04:04.266,1.39484,1.39532,1.38,1.50
2011.09.22 05:04:04.855,1.39484,1.39532,1.75,1.50
2011.09.22 05:04:05.206,1.39484,1.39532,1.75,1.50
2011.09.22 05:04:06.164,1.39487,1.39532,1.38,1.50
2011.09.22 05:04:06.776,1.39486,1.39532,1.38,1.50
2011.09.22 05:04:07.879,1.39486,1.39532,1.38,1.50
2011.09.22 05:04:08.470,1.39486,1.39532,1.38,1.50
2011.09.22 05:04:08.601,1.39489,1.39532,1.38,1.50
2011.09.22 05:04:08.968,1.39489,1.39532,1.38,1.50
2011.09.22 05:04:09.593,1.39489,1.39532,1.38,1.50
2011.09.22 05:04:10.198,1.3949,1.39532,1.38,1.50
2011.09.22 05:04:10.744,1.39501,1.39551,1.75,1.50
2011.09.22 05:04:11.928,1.39501,1.39551,1.75,1.50
2011.09.22 05:04:13.675,1.39501,1.39551,1.75,1.50
2011.09.22 05:04:16.806,1.39501,1.39551,1.75,1.50
2011.09.22 05:04:17.647,1.39503,1.39551,1.75,1.50
2011.09.22 05:04:18.438,1.39502,1.39551,1.75,1.50
2011.09.22 05:04:19.005,1.39509,1.39559,1.38,1.50
2011.09.22 05:04:19.590,1.39511,1.39559,1.75,1.50
2011.09.22 05:04:19.947,1.39511,1.39559,1.75,1.50
2011.09.22 05:04:21.564,1.39515,1.3956,1.75,1.50
2011.09.22 05:04:21.931,1.39491,1.39545,1.50,1.50
2011.09.22 05:04:22.057,1.39487,1.39536,1.50,1.50
2011.09.22 05:04:26.718,1.39484,1.39536,1.50,1.50
2011.09.22 05:04:28.637,1.39484,1.39536,1.50,1.50
2011.09.22 05:04:34.494,1.39485,1.39536,1.50,1.50
2011.09.22 05:04:35.411,1.39492,1.39543,1.50,1.50
2011.09.22 05:04:36.825,1.39488,1.39543,1.50,1.50
2011.09.22 05:04:44.012,1.39487,1.39543,1.50,1.50
2011.09.22 05:04:44.703,1.39484,1.39537,2.25,1.50
2011.09.22 05:04:45.459,1.39484,1.39536,1.50,1.50
2011.09.22 05:04:47.344,1.39477,1.39535,1.50,1.50
2011.09.22 05:04:52.738,1.39476,1.3953,1.50,1.50
2011.09.22 05:04:53.108,1.39476,1.39528,1.50,1.50
2011.09.22 05:04:53.459,1.39476,1.39528,1.50,1.50
2011.09.22 05:04:53.587,1.39476,1.39528,1.50,1.50
2011.09.22 05:04:53.712,1.3947,1.39524,1.50,1.50
2011.09.22 05:04:54.078,1.3947,1.39524,1.50,1.50
2011.09.22 05:04:55.107,1.39469,1.39523,1.50,1.50
2011.09.22 05:04:56.023,1.39466,1.39521,1.50,1.50
2011.09.22 05:04:58.184,1.39466,1.39521,1.50,1.50
2011.09.22 05:04:58.855,1.39465,1.39512,1.50,1.50
2011.09.22 05:05:01.632,1.39465,1.39512,1.50,1.50
2011.09.22 05:05:04.253,1.39465,1.39512,1.50,1.50
2011.09.22 05:05:06.734,1.39465,1.39512,1.50,1.50
2011.09.22 05:05:06.966,1.39466,1.39511,1.50,1.50
2011.09.22 05:05:07.591,1.39461,1.39511,1.50,1.50
2011.09.22 05:05:11.534,1.39455,1.39504,1.13,1.50
2011.09.22 05:05:12.171,1.39448,1.39495,1.50,1.50
2011.09.22 05:05:12.658,1.39448,1.39495,1.50,1.50
2011.09.22 05:05:13.029,1.39448,1.39495,1.50,1.50
2011.09.22 05:05:13.508,1.3945,1.39498,1.50,1.50
2011.09.22 05:05:14.403,1.3945,1.39495,1.50,1.50
2011.09.22 05:05:16.096,1.39449,1.39495,1.50,1.50
2011.09.22 05:05:16.339,1.39442,1.3949,1.50,1.50
2011.09.22 05:05:17.185,1.39439,1.3949,1.50,1.50
2011.09.22 05:05:17.693,1.39439,1.39493,1.50,1.43
2011.09.22 05:05:19.599,1.39439,1.39499,1.50,1.50
2011.09.22 05:05:20.183,1.39439,1.39491,1.50,1.50
2011.09.22 05:05:23.907,1.3944,1.39497,1.50,1.50
2011.09.22 05:05:24.365,1.39444,1.3949,1.50,1.50
2011.09.22 05:05:26.553,1.39441,1.39494,1.50,1.50
2011.09.22 05:05:29.709,1.39441,1.3949,1.50,1.50
2011.09.22 05:05:29.836,1.39442,1.3949,1.50,1.50
2011.09.22 05:05:30.414,1.39444,1.39491,1.50,1.50
2011.09.22 05:05:38.604,1.39438,1.39495,1.50,1.50
2011.09.22 05:05:39.055,1.39438,1.39496,1.50,1.50
2011.09.22 05:05:39.176,1.39438,1.39496,1.50,1.50
2011.09.22 05:05:39.733,1.39438,1.3949,1.50,1.50
2011.09.22 05:05:40.492,1.39438,1.3949,1.50,1.50
2011.09.22 05:05:41.469,1.39438,1.39492,1.50,1.50
2011.09.22 05:05:42.075,1.39438,1.3949,1.50,1.50
2011.09.22 05:05:42.682,1.39438,1.3949,1.50,1.50
2011.09.22 05:05:45.642,1.39438,1.39495,1.50,1.50
2011.09.22 05:05:49.955,1.39437,1.39494,1.50,1.43
2011.09.22 05:05:53.629,1.39431,1.39486,1.50,1.50
2011.09.22 05:06:01.585,1.39431,1.39491,1.50,1.50
2011.09.22 05:06:11.762,1.39423,1.39473,1.50,1.50
2011.09.22 05:06:12.490,1.39417,1.39474,1.75,1.50
2011.09.22 05:06:24.116,1.39423,1.39476,1.50,1.50
2011.09.22 05:06:24.478,1.39414,1.39466,1.75,1.50
2011.09.22 05:06:24.597,1.39414,1.39469,1.50,1.50
2011.09.22 05:06:25.285,1.39414,1.39466,2.25,1.50
2011.09.22 05:06:25.650,1.39414,1.39466,2.25,1.50
2011.09.22 05:06:26.355,1.39416,1.39466,1.50,1.50
2011.09.22 05:06:27.445,1.39423,1.39473,1.50,1.50
2011.09.22 05:06:28.049,1.39423,1.39473,2.25,1.50
2011.09.22 05:06:28.173,1.39427,1.39476,1.50,1.50
2011.09.22 05:06:28.515,1.39427,1.39477,1.50,1.50
2011.09.22 05:06:28.879,1.39429,1.39477,1.50,1.50
2011.09.22 05:06:29.127,1.39421,1.39477,1.13,1.50
2011.09.22 05:06:29.798,1.39421,1.39473,1.13,1.50
2011.09.22 05:06:31.954,1.39423,1.39473,1.13,1.50
2011.09.22 05:06:32.544,1.39423,1.39476,1.13,1.50
2011.09.22 05:06:35.160,1.39419,1.39476,1.13,1.50
2011.09.22 05:06:35.886,1.39423,1.39476,1.50,1.50
2011.09.22 05:06:36.244,1.39428,1.39476,1.13,1.50
2011.09.22 05:06:38.046,1.39428,1.39473,1.13,1.50
2011.09.22 05:06:46.849,1.39423,1.39474,1.50,1.50
2011.09.22 05:06:47.102,1.39423,1.39478,2.25,1.50
2011.09.22 05:06:47.684,1.39423,1.39473,1.50,1.50
2011.09.22 05:06:48.385,1.39423,1.39477,1.50,1.50
2011.09.22 05:06:49.926,1.39423,1.39477,1.50,1.50
2011.09.22 05:06:50.628,1.39421,1.39473,1.50,1.50
2011.09.22 05:06:51.894,1.39423,1.39474,1.50,1.50
2011.09.22 05:06:53.279,1.39419,1.39473,1.50,1.50
2011.09.22 05:06:53.637,1.39415,1.39469,1.50,1.50
2011.09.22 05:07:02.153,1.39417,1.39471,1.50,1.50
2011.09.22 05:07:02.930,1.39417,1.39471,1.50,1.50
2011.09.22 05:07:04.059,1.39415,1.39465,1.50,1.50
2011.09.22 05:07:04.418,1.39415,1.39458,1.50,1.50
2011.09.22 05:07:04.786,1.39414,1.39458,1.50,1.50
2011.09.22 05:07:05.147,1.39414,1.39458,1.50,1.50
2011.09.22 05:07:05.960,1.39411,1.3946,1.50,1.50
2011.09.22 05:07:07.525,1.39412,1.3946,1.50,1.50
2011.09.22 05:07:07.758,1.39407,1.39458,1.50,1.50
2011.09.22 05:07:07.876,1.3941,1.3946,1.50,1.50
2011.09.22 05:07:07.995,1.39412,1.39458,1.50,1.50
2011.09.22 05:07:08.687,1.39409,1.39458,1.50,1.50
2011.09.22 05:07:09.037,1.3941,1.3946,1.50,1.50
2011.09.22 05:07:10.365,1.39413,1.39459,1.50,1.50
2011.09.22 05:07:10.725,1.39411,1.39458,1.50,1.50
2011.09.22 05:07:10.968,1.39413,1.39458,1.50,1.50
2011.09.22 05:07:13.623,1.39414,1.39462,1.50,1.50
2011.09.22 05:07:14.967,1.39417,1.39465,1.50,1.50
2011.09.22 05:07:15.085,1.39417,1.39468,1.50,1.50
2011.09.22 05:07:16.324,1.39415,1.39469,1.50,1.50
2011.09.22 05:07:16.909,1.39415,1.39469,1.50,1.50
2011.09.22 05:07:17.378,1.39416,1.39468,1.50,1.50
2011.09.22 05:07:17.626,1.39419,1.39466,1.50,1.50
2011.09.22 05:07:18.194,1.3942,1.39468,1.50,1.50
2011.09.22 05:07:23.795,1.3942,1.39472,1.50,1.50
2011.09.22 05:07:29.346,1.3942,1.39468,1.50,1.50
2011.09.22 05:07:30.016,1.39417,1.39465,1.50,1.50
2011.09.22 05:07:32.196,1.39415,1.39465,1.50,1.50
2011.09.22 05:07:35.168,1.39415,1.39466,1.50,1.50
2011.09.22 05:07:35.729,1.39415,1.39465,1.50,1.50
2011.09.22 05:07:37.397,1.39415,1.39465,1.50,1.50
2011.09.22 05:07:38.871,1.39415,1.39465,1.50,1.50
2011.09.22 05:07:39.238,1.39415,1.39465,1.50,1.50
2011.09.22 05:07:39.479,1.39415,1.39465,2.25,1.50
2011.09.22 05:07:39.851,1.39415,1.39465,1.50,1.50
2011.09.22 05:07:40.099,1.39415,1.39465,1.50,1.50
2011.09.22 05:07:42.436,1.39413,1.39465,1.50,1.50
2011.09.22 05:07:46.614,1.39413,1.39466,1.50,1.50
2011.09.22 05:07:48.675,1.39413,1.39465,1.50,1.50
2011.09.22 05:07:51.463,1.39414,1.39466,2.25,1.50
2011.09.22 05:07:55.826,1.39415,1.39477,2.25,1.50
2011.09.22 05:07:56.067,1.39417,1.39475,1.50,1.50
2011.09.22 05:07:56.307,1.39412,1.39466,1.50,1.50
2011.09.22 05:07:57.892,1.39413,1.39465,1.50,1.50
2011.09.22 05:07:58.244,1.39413,1.39465,1.50,1.50
2011.09.22 05:08:00.132,1.39412,1.39465,1.50,1.50
2011.09.22 05:08:00.377,1.39415,1.39465,1.50,1.50
2011.09.22 05:08:01.887,1.39406,1.39466,1.50,1.50
2011.09.22 05:08:02.012,1.39406,1.39458,1.50,1.50
2011.09.22 05:08:02.142,1.39396,1.39455,1.50,1.50
2011.09.22 05:08:03.346,1.39396,1.39455,1.50,1.50
2011.09.22 05:08:04.548,1.39397,1.39457,1.50,1.50
2011.09.22 05:08:09.098,1.39395,1.39457,1.50,1.50
2011.09.22 05:08:14.655,1.39396,1.39456,1.50,1.50
2011.09.22 05:08:15.349,1.39395,1.39456,1.50,1.50
2011.09.22 05:08:16.674,1.39396,1.39456,1.50,1.50
2011.09.22 05:08:20.198,1.39396,1.39461,1.50,2.18
2011.09.22 05:08:21.674,1.39396,1.39461,1.50,2.18
2011.09.22 05:08:21.804,1.39402,1.39461,1.50,1.50
2011.09.22 05:08:27.615,1.39402,1.39455,1.50,1.50
2011.09.22 05:08:28.316,1.39398,1.39456,1.50,1.50
2011.09.22 05:08:30.425,1.39398,1.39455,1.50,1.50
2011.09.22 05:08:30.764,1.39398,1.39455,1.50,1.50
2011.09.22 05:08:30.994,1.39396,1.39452,1.50,1.50
2011.09.22 05:08:31.623,1.39396,1.39452,1.50,1.50
2011.09.22 05:08:32.206,1.39396,1.39448,1.50,1.50
2011.09.22 05:08:32.326,1.39396,1.39448,1.50,1.50
2011.09.22 05:08:33.575,1.39396,1.39448,1.50,1.50
2011.09.22 05:08:34.189,1.39396,1.39448,1.50,1.50
2011.09.22 05:08:36.057,1.39395,1.39448,1.50,1.50
2011.09.22 05:08:36.284,1.39396,1.39448,1.50,1.50
2011.09.22 05:08:36.634,1.39396,1.3945,1.50,1.50
2011.09.22 05:08:37.087,1.39396,1.39455,1.50,1.50
2011.09.22 05:08:37.209,1.39396,1.39451,1.50,1.50
2011.09.22 05:08:37.823,1.39396,1.39451,1.50,1.50
2011.09.22 05:08:42.062,1.39404,1.39457,1.50,1.50
2011.09.22 05:08:42.427,1.39402,1.39457,1.50,1.50
2011.09.22 05:08:43.014,1.39396,1.39457,2.25,1.50
2011.09.22 05:08:44.524,1.39396,1.39454,1.50,1.50
2011.09.22 05:08:46.744,1.39397,1.39454,2.25,1.50
2011.09.22 05:08:50.374,1.39401,1.39449,2.25,1.50
2011.09.22 05:08:51.284,1.39397,1.39449,3.00,1.50
2011.09.22 05:08:55.614,1.39398,1.39456,1.50,1.50
2011.09.22 05:09:01.618,1.39401,1.39456,1.50,1.50
2011.09.22 05:09:04.715,1.39401,1.39456,1.50,1.50
2011.09.22 05:09:19.857,1.39403,1.39456,1.50,1.50
2011.09.22 05:09:24.805,1.39403,1.39456,1.50,1.50
2011.09.22 05:09:30.987,1.39396,1.39456,2.25,1.50
2011.09.22 05:09:31.996,1.39405,1.39458,1.50,1.50
2011.09.22 05:09:34.215,1.39406,1.39465,1.50,1.50
2011.09.22 05:09:35.056,1.39407,1.39465,2.25,1.50
2011.09.22 05:09:40.693,1.39407,1.39473,1.50,1.50
2011.09.22 05:09:41.364,1.39413,1.39466,1.50,1.50
2011.09.22 05:09:41.924,1.39413,1.39466,1.50,1.50
2011.09.22 05:09:42.044,1.3941,1.39466,1.50,1.50
2011.09.22 05:09:47.449,1.3941,1.39465,1.50,1.50
2011.09.22 05:09:48.035,1.39413,1.39472,1.50,1.50
2011.09.22 05:09:48.155,1.39414,1.39472,1.50,1.50
2011.09.22 05:09:58.716,1.39414,1.39472,1.50,1.50
2011.09.22 05:09:59.054,1.39414,1.39472,1.50,1.50
2011.09.22 05:10:00.675,1.39411,1.39472,1.50,1.50
2011.09.22 05:10:00.919,1.39411,1.39472,1.50,1.50
2011.09.22 05:10:01.639,1.39411,1.39472,1.50,1.50
2011.09.22 05:10:04.177,1.39411,1.39472,1.50,1.50
2011.09.22 05:10:05.835,1.39411,1.39472,1.50,1.50
2011.09.22 05:10:10.174,1.3941,1.39472,2.25,1.50
2011.09.22 05:10:10.513,1.3941,1.39472,1.50,1.50
2011.09.22 05:10:30.422,1.3941,1.39472,1.50,1.50
2011.09.22 05:10:32.073,1.39409,1.39472,2.18,1.50
2011.09.22 05:10:37.027,1.39409,1.39472,1.43,1.50
2011.09.22 05:10:38.694,1.39413,1.39472,1.50,1.50
2011.09.22 05:10:39.902,1.39413,1.39472,1.50,1.50
2011.09.22 05:10:40.897,1.39414,1.39472,1.50,1.50
2011.09.22 05:10:41.954,1.39414,1.39472,1.50,1.50
2011.09.22 05:10:49.089,1.39412,1.39473,1.50,1.50
2011.09.22 05:10:49.573,1.39414,1.39473,1.50,1.50
2011.09.22 05:10:49.928,1.39418,1.3948,1.50,1.50
2011.09.22 05:10:50.047,1.39423,1.3948,1.50,1.50
2011.09.22 05:10:50.614,1.39423,1.39479,1.50,1.50
2011.09.22 05:10:54.585,1.39417,1.39476,2.25,1.50
2011.09.22 05:10:54.817,1.39416,1.39472,1.50,1.50
2011.09.22 05:10:55.226,1.39415,1.39472,1.50,1.50
2011.09.22 05:11:06.313,1.39415,1.39472,1.50,1.50
2011.09.22 05:11:06.736,1.39416,1.39472,1.50,1.50
2011.09.22 05:11:10.525,1.39416,1.39472,1.50,1.50
2011.09.22 05:11:13.105,1.39413,1.39465,1.50,1.50
2011.09.22 05:11:15.785,1.39407,1.39465,1.50,1.50
2011.09.22 05:11:23.344,1.39405,1.39465,1.50,1.50
2011.09.22 05:11:23.805,1.39406,1.39465,1.50,1.50
2011.09.22 05:11:24.684,1.39411,1.39465,1.50,1.50
2011.09.22 05:11:28.414,1.39409,1.39465,1.50,1.50
2011.09.22 05:11:33.460,1.39408,1.39465,1.50,1.50
2011.09.22 05:11:33.805,1.39409,1.39465,1.50,1.50
2011.09.22 05:11:42.986,1.39407,1.39465,1.50,1.50
2011.09.22 05:11:44.666,1.39409,1.39465,1.50,1.50
2011.09.22 05:11:45.186,1.39413,1.39465,1.50,1.50
2011.09.22 05:11:47.498,1.39411,1.39462,1.50,1.50
2011.09.22 05:11:47.621,1.39412,1.39462,1.50,1.50
2011.09.22 05:11:49.314,1.39412,1.39462,1.50,1.50
2011.09.22 05:11:51.994,1.39411,1.39462,1.50,1.50
2011.09.22 05:11:52.115,1.3941,1.39462,1.50,1.50
2011.09.22 05:11:52.676,1.39412,1.39462,1.50,1.50
2011.09.22 05:11:53.387,1.39412,1.39462,1.50,1.50
2011.09.22 05:11:53.856,1.39396,1.39455,1.50,1.50
2011.09.22 05:11:55.448,1.39407,1.39457,1.50,1.50
2011.09.22 05:11:55.572,1.39411,1.39463,1.50,1.50
2011.09.22 05:11:55.697,1.39402,1.39462,1.50,1.50
2011.09.22 05:11:56.038,1.39393,1.39458,1.50,1.50
2011.09.22 05:12:11.219,1.39398,1.39463,1.43,1.50
2011.09.22 05:12:26.584,1.39396,1.39463,1.50,1.50
2011.09.22 05:12:28.856,1.39402,1.3947,1.50,2.25
2011.09.22 05:12:39.749,1.3941,1.39473,1.50,1.50
2011.09.22 05:12:43.108,1.39406,1.39466,2.25,1.50
2011.09.22 05:12:47.768,1.39404,1.39462,1.50,1.50
2011.09.22 05:12:48.107,1.39402,1.39461,1.50,1.50
2011.09.22 05:12:52.051,1.39411,1.39472,1.50,1.50
2011.09.22 05:12:52.658,1.39408,1.39472,1.50,1.50
2011.09.22 05:12:54.740,1.39411,1.39473,1.50,1.50
2011.09.22 05:12:55.817,1.39411,1.39476,2.25,1.43
2011.09.22 05:12:56.178,1.39411,1.39476,1.50,1.43
2011.09.22 05:12:56.406,1.3941,1.39476,1.50,1.43
2011.09.22 05:13:04.287,1.39411,1.39476,1.50,1.43
2011.09.22 05:13:05.825,1.39409,1.39476,1.50,1.43
2011.09.22 05:13:17.579,1.39403,1.39467,1.50,1.50
2011.09.22 05:13:17.938,1.39395,1.39458,1.50,1.43
2011.09.22 05:13:21.495,1.39395,1.39458,1.50,1.43
2011.09.22 05:13:30.640,1.39395,1.39458,1.50,1.43
2011.09.22 05:13:36.907,1.39395,1.39458,1.50,1.43
2011.09.22 05:13:37.135,1.39395,1.39458,1.50,1.43
2011.09.22 05:13:39.857,1.39398,1.39457,1.50,1.50
2011.09.22 05:13:46.277,1.39407,1.39463,1.50,1.50
2011.09.22 05:14:04.609,1.39403,1.39467,1.50,1.43
2011.09.22 05:14:05.280,1.39397,1.39446,1.50,1.50
2011.09.22 05:14:05.411,1.39408,1.39462,1.50,1.50
2011.09.22 05:14:05.542,1.3941,1.39471,1.50,1.50
2011.09.22 05:14:06.131,1.39413,1.39471,1.50,1.50
2011.09.22 05:14:06.257,1.39413,1.39471,1.50,1.50
2011.09.22 05:14:06.598,1.39413,1.39473,1.50,1.50
2011.09.22 05:14:06.715,1.39414,1.39473,1.50,1.50
2011.09.22 05:14:06.835,1.39414,1.39473,1.50,2.25
2011.09.22 05:14:17.837,1.39414,1.39475,1.50,1.50
2011.09.22 05:14:23.544,1.39416,1.39475,1.50,1.50
2011.09.22 05:14:27.848,1.39419,1.39483,1.50,1.50
2011.09.22 05:14:27.965,1.39423,1.39483,1.50,1.50
2011.09.22 05:14:30.547,1.39429,1.39486,1.50,1.50
2011.09.22 05:14:31.549,1.39428,1.39486,1.43,1.50
2011.09.22 05:14:31.680,1.39427,1.39482,1.50,1.50
2011.09.22 05:14:31.811,1.39424,1.3948,1.50,1.50
2011.09.22 05:14:31.943,1.39424,1.3948,1.50,1.50
2011.09.22 05:14:32.070,1.39422,1.39474,1.50,1.50
2011.09.22 05:14:50.502,1.39411,1.39478,1.43,2.25
2011.09.22 05:14:50.632,1.39414,1.39478,1.50,2.25
2011.09.22 05:15:45.617,1.39415,1.39479,1.50,1.50
2011.09.22 05:15:46.566,1.39415,1.39478,1.50,1.43
2011.09.22 05:15:46.915,1.39415,1.39479,1.50,1.50
2011.09.22 05:15:47.216,1.39415,1.39478,1.50,1.43
2011.09.22 05:15:56.257,1.39412,1.39475,1.50,1.50
2011.09.22 05:16:00.465,1.39411,1.39475,2.25,1.50
2011.09.22 05:16:00.868,1.39411,1.39475,2.25,1.50
2011.09.22 05:16:01.240,1.39414,1.39464,1.50,1.50
2011.09.22 05:16:01.489,1.39414,1.39474,1.50,1.50
2011.09.22 05:16:02.517,1.39415,1.39474,1.50,1.50
2011.09.22 05:16:14.710,1.39409,1.39477,1.50,1.43
2011.09.22 05:16:15.076,1.39398,1.39467,1.50,1.50
2011.09.22 05:16:15.525,1.39396,1.39459,1.50,1.43
2011.09.22 05:16:19.208,1.39396,1.39456,1.50,1.50
2011.09.22 05:16:19.775,1.39396,1.39456,1.50,1.50
2011.09.22 05:16:21.327,1.39396,1.39456,1.50,1.50
2011.09.22 05:16:21.941,1.39388,1.39451,1.50,1.43
2011.09.22 05:16:24.515,1.39388,1.39446,1.50,1.50
2011.09.22 05:16:28.049,1.39387,1.39447,1.50,1.50
2011.09.22 05:16:31.636,1.39388,1.39451,1.50,1.43
2011.09.22 05:16:32.218,1.39394,1.39451,1.50,1.43
2011.09.22 05:16:32.458,1.39388,1.39451,1.50,1.43
2011.09.22 05:16:32.578,1.39396,1.39457,1.50,1.50
2011.09.22 05:16:35.360,1.39388,1.39453,1.50,1.43
2011.09.22 05:16:36.049,1.39388,1.39453,1.50,1.43
2011.09.22 05:16:40.294,1.39388,1.39453,1.50,1.43
2011.09.22 05:16:44.425,1.39388,1.39453,1.50,1.43
2011.09.22 05:16:47.284,1.39397,1.39456,1.50,1.50
2011.09.22 05:16:52.001,1.39402,1.39462,1.50,1.50
2011.09.22 05:16:55.760,1.39404,1.39471,1.50,1.50
2011.09.22 05:16:56.910,1.39399,1.39461,1.50,1.50
2011.09.22 05:16:58.317,1.39398,1.39453,1.50,1.50
2011.09.22 05:16:58.665,1.39393,1.39452,1.50,1.50
2011.09.22 05:17:00.727,1.39393,1.39452,1.50,1.50
2011.09.22 05:17:02.993,1.39392,1.39452,1.50,1.50
2011.09.22 05:17:10.839,1.39393,1.39458,1.50,1.43
2011.09.22 05:17:11.091,1.39396,1.39459,1.50,1.50
2011.09.22 05:17:26.527,1.39393,1.39458,1.50,1.43
2011.09.22 05:17:26.645,1.39392,1.39458,2.25,1.43
2011.09.22 05:17:28.789,1.39393,1.39458,1.50,2.18
2011.09.22 05:17:28.906,1.39393,1.39458,1.50,2.18
2011.09.22 05:17:29.722,1.39396,1.39456,1.50,1.50
2011.09.22 05:17:31.019,1.39393,1.39447,1.50,1.50
2011.09.22 05:17:31.138,1.39393,1.39447,1.50,1.50
2011.09.22 05:17:31.262,1.39392,1.39447,2.25,1.50
2011.09.22 05:17:31.865,1.39392,1.39447,1.50,1.50
2011.09.22 05:17:35.071,1.39388,1.39444,2.25,1.50
2011.09.22 05:17:36.956,1.39385,1.39439,1.50,1.50
2011.09.22 05:17:37.758,1.39385,1.39436,1.50,1.50
2011.09.22 05:17:38.686,1.39385,1.39436,1.50,1.50
2011.09.22 05:17:39.342,1.39388,1.39436,1.50,1.50
2011.09.22 05:17:39.592,1.39384,1.39439,1.50,1.50
2011.09.22 05:17:39.961,1.3939,1.39439,1.50,1.50
2011.09.22 05:17:40.090,1.39392,1.39444,1.50,1.50
2011.09.22 05:17:40.576,1.3939,1.39444,1.50,1.50
2011.09.22 05:17:41.631,1.39392,1.3945,1.50,1.50
2011.09.22 05:17:42.352,1.39393,1.3946,1.50,1.50
2011.09.22 05:17:45.135,1.39393,1.39456,1.50,1.43
2011.09.22 05:18:10.856,1.39394,1.39451,1.50,1.50
2011.09.22 05:18:11.196,1.39393,1.39447,1.50,1.50
2011.09.22 05:18:11.668,1.39393,1.39447,1.50,1.50
2011.09.22 05:18:34.604,1.39385,1.39448,1.50,1.43
2011.09.22 05:18:35.307,1.39388,1.39447,1.50,1.50
2011.09.22 05:18:35.446,1.39388,1.39447,1.50,1.50
2011.09.22 05:18:37.565,1.39385,1.39447,1.50,1.50
2011.09.22 05:18:43.780,1.39392,1.3945,1.50,1.50
2011.09.22 05:18:44.125,1.39392,1.3945,1.50,1.50
2011.09.22 05:18:45.104,1.39392,1.3945,1.50,1.50
2011.09.22 05:18:47.336,1.39392,1.3945,1.50,1.50
2011.09.22 05:18:47.895,1.39392,1.3945,1.50,1.50
2011.09.22 05:18:49.029,1.39392,1.39453,1.50,1.50
2011.09.22 05:18:52.829,1.39392,1.39453,1.50,1.50
2011.09.22 05:18:54.186,1.39392,1.39453,1.50,1.50
2011.09.22 05:19:05.985,1.39392,1.39453,1.50,1.50
2011.09.22 05:19:06.576,1.39392,1.39453,1.50,1.50
2011.09.22 05:19:08.864,1.39392,1.39453,1.50,1.50
2011.09.22 05:19:15.846,1.39392,1.39454,1.50,1.50
2011.09.22 05:19:16.315,1.39391,1.3945,1.50,1.50
2011.09.22 05:19:16.545,1.39388,1.39448,1.50,1.43
2011.09.22 05:19:23.156,1.39388,1.39448,1.50,1.43
2011.09.22 05:19:23.904,1.39388,1.39448,1.50,1.43
2011.09.22 05:19:32.209,1.3939,1.3944,1.50,1.50
2011.09.22 05:19:32.788,1.3939,1.39448,1.50,2.18
2011.09.22 05:19:41.700,1.39392,1.39446,1.50,1.50
2011.09.22 05:19:43.586,1.39393,1.39446,1.50,1.50
2011.09.22 05:19:44.050,1.39393,1.39449,2.25,1.50
2011.09.22 05:19:47.467,1.39393,1.39449,2.25,1.50
2011.09.22 05:19:48.079,1.39393,1.39449,2.25,1.50
2011.09.22 05:19:48.830,1.39393,1.39449,2.25,1.50
2011.09.22 05:19:57.866,1.39392,1.39433,1.50,1.50
2011.09.22 05:20:09.184,1.39393,1.39433,1.50,1.50
2011.09.22 05:20:09.909,1.39393,1.39433,1.50,1.50
2011.09.22 05:20:10.233,1.39393,1.39433,1.50,1.50
2011.09.22 05:20:10.615,1.39393,1.39433,1.50,1.50
2011.09.22 05:20:11.223,1.39393,1.39433,1.50,1.50
2011.09.22 05:20:14.410,1.39392,1.39433,1.50,1.50
2011.09.22 05:20:30.854,1.39387,1.39432,1.50,1.50
2011.09.22 05:20:30.975,1.39386,1.39432,2.25,1.50
2011.09.22 05:20:31.314,1.39386,1.39432,2.25,1.50
2011.09.22 05:20:31.811,1.39389,1.39432,1.50,1.50
2011.09.22 05:20:33.824,1.39387,1.39433,2.25,1.50
2011.09.22 05:20:33.946,1.39388,1.39433,1.50,1.50
2011.09.22 05:20:34.398,1.39387,1.39433,1.50,1.50
2011.09.22 05:20:37.445,1.39386,1.39432,1.50,1.50
2011.09.22 05:20:39.308,1.39386,1.39432,1.50,1.50
2011.09.22 05:20:39.656,1.39386,1.39432,1.50,1.50
2011.09.22 05:20:40.013,1.39379,1.39424,1.50,1.50
2011.09.22 05:20:40.137,1.39375,1.39424,1.50,1.50
2011.09.22 05:20:40.550,1.39375,1.39424,1.50,1.50
2011.09.22 05:20:42.639,1.39375,1.39424,1.50,1.50
2011.09.22 05:20:43.508,1.39379,1.39424,1.50,1.50
2011.09.22 05:20:43.846,1.39382,1.39431,1.50,1.50
2011.09.22 05:20:45.123,1.39382,1.39431,1.50,1.50
2011.09.22 05:20:47.449,1.39388,1.39439,1.50,1.50
2011.09.22 05:20:47.797,1.39389,1.39448,2.25,1.50
2011.09.22 05:20:48.038,1.39396,1.3945,1.50,1.50
2011.09.22 05:21:02.848,1.39396,1.39456,1.50,1.50
2011.09.22 05:21:02.966,1.39398,1.39456,1.50,1.50
2011.09.22 05:21:05.291,1.39396,1.39453,1.50,1.50
2011.09.22 05:21:08.749,1.39398,1.39452,1.50,1.50
2011.09.22 05:21:08.867,1.39402,1.39454,1.50,1.50
2011.09.22 05:21:12.128,1.39402,1.39454,1.50,1.50
2011.09.22 05:21:15.652,1.39409,1.39462,1.50,1.50
2011.09.22 05:21:15.900,1.39405,1.39462,1.50,1.50
2011.09.22 05:21:16.018,1.39402,1.39457,2.25,1.50
2011.09.22 05:21:16.765,1.39402,1.39457,2.25,1.50
2011.09.22 05:21:17.359,1.39398,1.39454,1.50,1.50
2011.09.22 05:21:17.480,1.39402,1.39456,1.50,1.50
2011.09.22 05:21:19.186,1.39401,1.39454,1.50,1.50
2011.09.22 05:21:20.588,1.39401,1.39454,1.13,1.50
2011.09.22 05:21:21.277,1.39397,1.39445,1.50,1.50
2011.09.22 05:21:21.628,1.39397,1.39445,1.50,1.50
2011.09.22 05:21:21.976,1.39393,1.39445,2.25,1.50
2011.09.22 05:21:22.879,1.39395,1.39445,1.50,1.50
2011.09.22 05:21:23.469,1.39393,1.39445,1.50,1.50
2011.09.22 05:21:24.375,1.39389,1.39445,1.50,1.50
2011.09.22 05:21:31.645,1.39392,1.39445,1.50,1.50
2011.09.22 05:22:04.265,1.39395,1.39449,1.50,1.50
2011.09.22 05:22:15.274,1.3939,1.39447,1.50,1.50
2011.09.22 05:22:21.297,1.39386,1.39458,2.25,2.25
2011.09.22 05:22:21.418,1.3939,1.39458,1.13,2.25
2011.09.22 05:22:21.767,1.39392,1.39458,1.13,1.50
2011.09.22 05:22:21.885,1.39391,1.39458,1.13,1.50
2011.09.22 05:22:24.208,1.39393,1.39458,1.08,1.50
2011.09.22 05:22:24.568,1.39396,1.39448,1.13,1.50
2011.09.22 05:22:24.695,1.39396,1.39448,1.88,1.50
2011.09.22 05:22:24.820,1.39397,1.39448,1.50,1.50
2011.09.22 05:22:25.409,1.39397,1.39448,1.50,1.50
2011.09.22 05:22:25.855,1.39398,1.39448,1.50,1.50
2011.09.22 05:22:26.533,1.39396,1.39448,2.25,1.50
2011.09.22 05:22:26.657,1.39396,1.39454,1.50,1.50
2011.09.22 05:22:27.209,1.39404,1.39455,1.50,1.50
2011.09.22 05:22:28.548,1.394,1.39455,1.50,1.50
2011.09.22 05:22:28.914,1.39426,1.39479,1.50,1.50
2011.09.22 05:22:29.041,1.39433,1.39479,1.50,1.50
2011.09.22 05:22:29.408,1.39434,1.39487,1.50,1.50
2011.09.22 05:22:30.331,1.39429,1.39479,1.50,1.50
2011.09.22 05:22:30.458,1.39429,1.39479,1.50,1.50
2011.09.22 05:22:31.769,1.39429,1.39479,1.50,1.50
2011.09.22 05:22:32.586,1.39432,1.39479,1.50,1.50
2011.09.22 05:22:33.158,1.39433,1.39487,1.50,1.50
2011.09.22 05:22:41.386,1.39432,1.39487,1.50,1.50
2011.09.22 05:22:42.267,1.39434,1.39487,1.50,1.50
2011.09.22 05:22:43.504,1.39434,1.39494,1.50,1.50
2011.09.22 05:22:46.757,1.39432,1.39494,1.43,1.50
2011.09.22 05:22:46.998,1.39433,1.39494,1.50,1.50
2011.09.22 05:22:51.840,1.39432,1.39494,1.43,1.50
2011.09.22 05:22:51.958,1.39432,1.39494,2.18,1.50
2011.09.22 05:22:52.934,1.39436,1.39494,1.50,1.50
2011.09.22 05:22:54.871,1.39438,1.39495,1.50,1.50
2011.09.22 05:22:55.239,1.39439,1.39495,1.50,1.50
2011.09.22 05:23:04.633,1.39445,1.39495,1.50,1.50
2011.09.22 05:23:05.195,1.39445,1.39495,1.50,1.50
2011.09.22 05:23:15.747,1.39447,1.39498,1.50,1.50
2011.09.22 05:23:15.988,1.39452,1.39505,1.50,2.25
2011.09.22 05:23:16.449,1.3944,1.39495,1.43,1.09
2011.09.22 05:23:16.567,1.39435,1.39487,1.50,1.50
2011.09.22 05:23:19.216,1.39432,1.39487,1.50,1.50
2011.09.22 05:23:19.457,1.39426,1.39478,1.50,1.50
2011.09.22 05:23:20.311,1.39426,1.39478,1.50,1.50
2011.09.22 05:23:22.828,1.39435,1.39485,1.50,1.50
2011.09.22 05:23:23.310,1.39438,1.39493,1.50,1.50
2011.09.22 05:23:23.442,1.39441,1.39493,1.50,1.50
2011.09.22 05:23:24.381,1.3944,1.39493,1.50,1.50
2011.09.22 05:23:24.936,1.39443,1.39493,1.50,1.50
2011.09.22 05:23:25.296,1.39449,1.39501,1.50,1.50
2011.09.22 05:23:27.151,1.39446,1.39501,1.50,1.50
2011.09.22 05:23:27.748,1.39445,1.39501,1.50,1.50
2011.09.22 05:23:27.868,1.39444,1.39501,1.88,1.50
2011.09.22 05:23:29.317,1.39447,1.39501,1.13,1.50
2011.09.22 05:23:30.888,1.39451,1.39501,1.50,1.50
2011.09.22 05:23:31.996,1.39451,1.39501,1.50,1.50
2011.09.22 05:23:32.336,1.39455,1.3951,1.50,1.50
2011.09.22 05:23:33.635,1.39448,1.39507,1.50,1.50
2011.09.22 05:23:34.545,1.39445,1.39507,1.43,1.50
2011.09.22 05:23:34.789,1.39448,1.39505,1.50,1.50
2011.09.22 05:23:35.756,1.39445,1.39508,1.43,1.50
2011.09.22 05:23:36.205,1.39443,1.39502,1.50,1.50
2011.09.22 05:23:39.027,1.39459,1.39509,1.50,1.50
2011.09.22 05:23:39.266,1.39463,1.39511,1.50,1.50
2011.09.22 05:23:39.606,1.39467,1.39515,1.50,1.50
2011.09.22 05:23:41.248,1.39464,1.39516,1.50,1.50
2011.09.22 05:23:41.937,1.39467,1.39514,1.50,1.50
2011.09.22 05:23:42.057,1.39462,1.39514,1.50,1.50
2011.09.22 05:23:42.571,1.3946,1.39514,1.13,1.50
2011.09.22 05:23:43.231,1.39454,1.39504,1.50,1.88
2011.09.22 05:23:43.477,1.39443,1.39504,1.50,1.88
2011.09.22 05:23:43.990,1.39443,1.39496,1.50,1.50
2011.09.22 05:23:47.060,1.39442,1.39496,1.13,1.50
2011.09.22 05:23:47.300,1.39444,1.39496,1.50,1.50
2011.09.22 05:23:48.909,1.39446,1.39496,1.50,1.50
2011.09.22 05:23:49.030,1.39446,1.39496,1.50,1.50
2011.09.22 05:23:49.267,1.39446,1.39496,1.50,1.50
2011.09.22 05:23:50.375,1.39439,1.39496,1.50,1.50
2011.09.22 05:23:51.677,1.39445,1.39496,1.50,1.50
2011.09.22 05:23:52.025,1.39442,1.39496,1.50,1.50
2011.09.22 05:23:53.318,1.3944,1.39496,1.50,1.50
2011.09.22 05:23:53.562,1.39445,1.39496,1.50,1.50
2011.09.22 05:23:54.676,1.39445,1.39505,1.50,1.50
2011.09.22 05:23:54.796,1.39444,1.39505,1.50,1.50
2011.09.22 05:23:55.266,1.39441,1.39505,1.50,1.50
2011.09.22 05:23:57.368,1.3944,1.39505,1.43,2.25
2011.09.22 05:24:01.826,1.39448,1.39505,1.50,2.25
2011.09.22 05:24:02.167,1.39446,1.39505,1.50,2.25
2011.09.22 05:24:04.635,1.39448,1.39505,1.50,2.25
2011.09.22 05:24:05.539,1.39445,1.39505,1.50,2.25
2011.09.22 05:24:06.321,1.39445,1.39505,1.50,1.50
2011.09.22 05:24:06.907,1.39447,1.39505,1.50,1.50
2011.09.22 05:24:08.228,1.39444,1.39505,1.50,1.50
2011.09.22 05:24:08.787,1.39447,1.39505,1.50,1.50
2011.09.22 05:24:09.987,1.3945,1.39505,1.50,1.50
2011.09.22 05:24:10.568,1.39453,1.39505,1.50,1.50
2011.09.22 05:24:10.690,1.39454,1.3951,1.50,1.50
2011.09.22 05:24:11.151,1.39453,1.39505,1.50,1.50
2011.09.22 05:24:11.283,1.39453,1.39505,1.50,1.50
2011.09.22 05:24:11.878,1.3945,1.39505,1.50,1.50
2011.09.22 05:24:13.606,1.39453,1.39505,1.50,1.50
2011.09.22 05:24:14.546,1.39449,1.39505,1.50,1.50
2011.09.22 05:24:14.788,1.39451,1.39505,1.50,1.50
2011.09.22 05:24:15.033,1.39446,1.39505,1.50,1.50
2011.09.22 05:24:15.786,1.39448,1.39505,1.50,1.50
2011.09.22 05:24:17.965,1.3945,1.39505,1.50,1.50
2011.09.22 05:24:21.125,1.39452,1.39505,1.50,1.50
2011.09.22 05:24:21.699,1.39453,1.39505,1.50,1.50
2011.09.22 05:24:21.822,1.39453,1.39511,1.50,1.50
2011.09.22 05:24:22.178,1.39449,1.39511,1.50,1.50
2011.09.22 05:24:22.919,1.39452,1.39511,1.50,1.50
2011.09.22 05:24:26.156,1.39451,1.39511,1.50,1.50
2011.09.22 05:24:27.602,1.39459,1.39512,1.50,1.50
2011.09.22 05:24:29.283,1.39461,1.39513,1.50,1.50
2011.09.22 05:24:29.532,1.39447,1.39506,2.25,1.50
2011.09.22 05:24:30.019,1.39452,1.39512,1.50,1.50
2011.09.22 05:24:30.777,1.39448,1.39511,1.43,1.50
2011.09.22 05:24:30.900,1.39447,1.39508,1.50,1.50
2011.09.22 05:24:32.569,1.39453,1.39507,1.50,2.25
2011.09.22 05:24:32.906,1.39453,1.39503,1.50,1.50
2011.09.22 05:24:33.246,1.39453,1.39503,1.50,1.50
2011.09.22 05:24:33.476,1.39453,1.39504,1.50,1.50
2011.09.22 05:24:33.598,1.39453,1.39503,1.50,1.50
2011.09.22 05:24:34.166,1.3945,1.39503,1.50,1.50
2011.09.22 05:24:36.468,1.39452,1.39503,1.50,1.50
2011.09.22 05:24:37.960,1.39451,1.39503,1.50,1.50
2011.09.22 05:24:39.076,1.39453,1.39503,1.50,1.50
2011.09.22 05:24:39.416,1.39453,1.39503,1.50,1.50
2011.09.22 05:24:39.535,1.3945,1.39503,1.50,1.50
2011.09.22 05:24:40.327,1.39453,1.39503,1.50,1.50
2011.09.22 05:24:41.559,1.39452,1.39503,1.50,1.50
2011.09.22 05:24:42.015,1.39451,1.39503,1.50,1.50
2011.09.22 05:24:48.467,1.39442,1.39503,1.50,1.50
2011.09.22 05:24:48.715,1.39442,1.39497,1.50,1.50
2011.09.22 05:24:48.839,1.39442,1.39495,1.50,1.50
2011.09.22 05:24:49.067,1.39444,1.39502,1.50,1.50
2011.09.22 05:24:50.142,1.39445,1.39505,1.50,1.50
2011.09.22 05:24:52.014,1.39447,1.39503,1.50,1.50
2011.09.22 05:24:53.887,1.39447,1.39503,1.50,1.50
2011.09.22 05:24:54.124,1.39443,1.39495,1.50,1.50
2011.09.22 05:24:54.835,1.39443,1.39495,1.50,1.50
2011.09.22 05:24:55.530,1.39451,1.39503,1.50,1.50
2011.09.22 05:24:55.767,1.39451,1.39503,1.50,1.50
2011.09.22 05:24:59.097,1.39443,1.39503,1.50,1.50
2011.09.22 05:24:59.225,1.39444,1.39494,1.50,1.50
2011.09.22 05:24:59.348,1.39447,1.39501,1.50,1.50
2011.09.22 05:24:59.577,1.39452,1.39502,1.50,1.50
2011.09.22 05:24:59.695,1.39451,1.39502,1.50,1.50
2011.09.22 05:25:00.741,1.39451,1.39503,1.50,1.50
2011.09.22 05:25:00.872,1.39452,1.39505,1.50,1.50
2011.09.22 05:25:01.119,1.39452,1.39505,1.50,1.50
2011.09.22 05:25:03.132,1.3945,1.39502,1.50,1.50
2011.09.22 05:25:03.747,1.39445,1.39502,1.50,2.25
2011.09.22 05:25:04.097,1.39443,1.395,1.50,1.50
2011.09.22 05:25:06.280,1.39444,1.39498,1.50,1.50
2011.09.22 05:25:06.750,1.39446,1.39501,1.50,1.50
2011.09.22 05:25:10.456,1.39445,1.39502,1.50,2.25
2011.09.22 05:25:12.081,1.39446,1.39502,1.50,2.25
2011.09.22 05:25:12.929,1.39452,1.39502,1.50,1.50
2011.09.22 05:25:13.877,1.39459,1.39511,1.50,1.50
2011.09.22 05:25:15.372,1.39459,1.39511,1.50,1.50
2011.09.22 05:25:15.729,1.39459,1.39511,1.50,1.50
2011.09.22 05:25:16.386,1.39459,1.39511,1.50,1.50
2011.09.22 05:25:17.831,1.39459,1.39511,1.50,1.50
2011.09.22 05:25:18.308,1.39459,1.39511,1.50,1.50
2011.09.22 05:25:18.779,1.39459,1.39511,1.50,1.50
2011.09.22 05:25:19.021,1.39458,1.39511,1.50,1.50
2011.09.22 05:25:19.608,1.39456,1.39511,1.50,1.50
2011.09.22 05:25:20.101,1.39455,1.39511,1.50,1.50
2011.09.22 05:25:27.498,1.39459,1.39511,1.50,1.50
2011.09.22 05:25:28.077,1.39459,1.39511,1.50,1.50
2011.09.22 05:25:28.309,1.39459,1.39511,1.50,1.50
2011.09.22 05:25:28.551,1.39459,1.39511,1.50,1.50
2011.09.22 05:25:29.620,1.39459,1.39513,1.50,1.50
2011.09.22 05:25:31.372,1.39459,1.39511,1.50,1.50
2011.09.22 05:25:31.622,1.39459,1.39511,1.50,1.50
2011.09.22 05:25:32.085,1.39459,1.39516,1.50,1.50
2011.09.22 05:25:33.421,1.39461,1.39519,1.50,1.50
2011.09.22 05:25:44.071,1.39458,1.39516,1.50,1.50
2011.09.22 05:25:45.026,1.39459,1.39518,1.50,1.50
2011.09.22 05:25:47.658,1.39472,1.39517,1.50,1.50
2011.09.22 05:25:47.779,1.39467,1.39519,2.25,1.50
2011.09.22 05:25:47.900,1.39467,1.39519,1.50,1.50
2011.09.22 05:25:49.391,1.39467,1.39519,2.25,1.50
2011.09.22 05:25:50.832,1.3947,1.39519,1.50,1.50
2011.09.22 05:25:51.082,1.39466,1.39519,2.25,1.50
2011.09.22 05:25:52.157,1.39458,1.39519,1.50,1.50
2011.09.22 05:25:52.277,1.39458,1.39511,1.50,1.50
2011.09.22 05:25:54.387,1.39452,1.39511,2.25,1.50
2011.09.22 05:25:54.512,1.39452,1.39511,1.50,1.50
2011.09.22 05:25:54.879,1.39454,1.39511,1.50,1.50
2011.09.22 05:26:01.588,1.39446,1.39509,1.43,1.50
2011.09.22 05:26:02.136,1.39458,1.39511,1.50,2.25
2011.09.22 05:26:02.502,1.39451,1.39511,1.50,1.50
2011.09.22 05:26:03.112,1.39451,1.39511,1.50,1.50
2011.09.22 05:26:04.051,1.39455,1.39511,1.50,1.50
2011.09.22 05:26:04.679,1.39453,1.39511,1.50,1.50
2011.09.22 05:26:05.525,1.3945,1.39511,1.50,1.50
2011.09.22 05:26:06.130,1.39446,1.39509,2.18,1.50
2011.09.22 05:26:08.366,1.39448,1.39509,1.50,1.50
2011.09.22 05:26:15.740,1.39449,1.39511,1.50,1.50
2011.09.22 05:26:15.870,1.39451,1.39511,1.50,1.50
2011.09.22 05:26:16.929,1.3945,1.39511,1.50,1.50
2011.09.22 05:26:20.205,1.39453,1.39511,1.50,1.50
2011.09.22 05:26:26.977,1.39454,1.39511,1.50,1.50
2011.09.22 05:26:27.441,1.39449,1.39511,1.50,2.25
2011.09.22 05:26:28.673,1.39446,1.39511,2.93,2.25
2011.09.22 05:26:30.570,1.39452,1.39511,1.50,1.50
2011.09.22 05:26:31.159,1.39452,1.39511,1.50,1.50
2011.09.22 05:26:38.776,1.39452,1.39511,2.25,1.50
2011.09.22 05:26:39.137,1.39448,1.39511,1.50,1.50
2011.09.22 05:26:39.371,1.39448,1.39502,1.50,1.50
2011.09.22 05:26:39.500,1.39446,1.39502,1.50,1.50
2011.09.22 05:26:39.862,1.39448,1.39502,1.50,1.50
2011.09.22 05:26:40.921,1.39452,1.39502,1.50,1.50
2011.09.22 05:26:41.409,1.39449,1.39502,1.50,1.50
2011.09.22 05:26:41.908,1.39449,1.3951,1.50,1.50
2011.09.22 05:26:42.377,1.39447,1.3951,2.18,1.50
2011.09.22 05:26:44.189,1.39452,1.3951,1.50,1.50
2011.09.22 05:26:54.795,1.39451,1.3951,1.50,1.50
2011.09.22 05:26:55.625,1.39447,1.3951,2.18,1.50
2011.09.22 05:26:55.748,1.39455,1.39516,1.43,1.50
2011.09.22 05:26:55.868,1.39455,1.39516,1.43,1.50
2011.09.22 05:26:55.989,1.39455,1.39516,1.43,1.50
2011.09.22 05:26:56.229,1.39457,1.39518,1.50,1.50
2011.09.22 05:26:56.567,1.39462,1.39524,1.43,1.50
2011.09.22 05:26:56.691,1.39455,1.39518,2.18,1.50
2011.09.22 05:26:58.856,1.39456,1.39518,1.50,1.50
2011.09.22 05:27:00.571,1.39455,1.39518,1.43,1.50
2011.09.22 05:27:01.637,1.39455,1.39518,1.43,1.50
2011.09.22 05:27:25.038,1.39448,1.3951,1.50,1.50
2011.09.22 05:27:26.717,1.39452,1.39507,1.50,1.50
2011.09.22 05:27:27.288,1.39454,1.39508,1.50,1.50
2011.09.22 05:27:31.148,1.3945,1.39508,1.50,1.50
2011.09.22 05:27:32.040,1.39451,1.39503,1.50,1.50
2011.09.22 05:27:33.788,1.39458,1.3951,1.50,1.50
2011.09.22 05:27:34.240,1.39456,1.3951,1.50,1.50
2011.09.22 05:27:34.360,1.39456,1.39518,1.50,2.25
2011.09.22 05:27:34.478,1.39459,1.39518,1.50,1.50
2011.09.22 05:27:34.721,1.39464,1.39518,1.50,1.50
2011.09.22 05:27:35.896,1.39464,1.39518,1.50,1.50
2011.09.22 05:27:38.772,1.39464,1.39526,1.50,1.50
2011.09.22 05:27:39.130,1.3947,1.39526,1.50,1.50
2011.09.22 05:27:42.736,1.39469,1.39526,1.50,1.50
2011.09.22 05:27:43.987,1.39463,1.39526,2.93,1.50
2011.09.22 05:27:44.110,1.39464,1.39526,1.50,1.50
2011.09.22 05:27:45.977,1.39465,1.39526,1.50,1.50
2011.09.22 05:27:51.224,1.39463,1.39526,2.93,1.50
2011.09.22 05:27:57.868,1.39471,1.39531,1.43,1.50
2011.09.22 05:27:58.114,1.39473,1.39534,1.50,1.50
2011.09.22 05:27:58.866,1.39472,1.39533,1.50,1.50
2011.09.22 05:27:59.217,1.39472,1.39534,1.50,1.50
2011.09.22 05:27:59.336,1.39472,1.39534,1.50,1.50
2011.09.22 05:27:59.808,1.39472,1.39534,1.50,1.50
2011.09.22 05:27:59.927,1.39472,1.39534,1.50,1.50
2011.09.22 05:28:04.835,1.39472,1.39534,1.50,1.50
2011.09.22 05:28:05.175,1.39474,1.39534,1.50,1.50
2011.09.22 05:28:06.019,1.39474,1.39526,1.50,1.50
2011.09.22 05:28:06.135,1.39472,1.39526,1.50,1.50
2011.09.22 05:28:07.425,1.39474,1.39526,1.50,1.50
2011.09.22 05:28:14.546,1.39472,1.39526,2.25,1.50
2011.09.22 05:28:17.585,1.39471,1.39526,1.50,1.50
2011.09.22 05:28:22.711,1.39471,1.39526,1.50,1.50
2011.09.22 05:28:25.007,1.39471,1.39526,1.50,1.50
2011.09.22 05:28:29.637,1.39471,1.39526,1.50,1.50
2011.09.22 05:28:37.751,1.39472,1.39526,1.50,1.50
2011.09.22 05:28:39.194,1.39472,1.39526,1.50,1.50
2011.09.22 05:28:49.508,1.39472,1.39526,1.50,1.50
2011.09.22 05:28:50.093,1.39504,1.39552,1.50,1.50
2011.09.22 05:28:50.342,1.39485,1.39547,1.50,1.50
2011.09.22 05:28:50.469,1.39485,1.39551,1.50,1.50
2011.09.22 05:28:51.072,1.39485,1.39547,1.50,1.50
2011.09.22 05:28:55.290,1.3951,1.3956,1.50,1.50
2011.09.22 05:28:55.408,1.39519,1.39566,1.50,1.50
2011.09.22 05:28:55.529,1.39508,1.39558,2.18,1.50
2011.09.22 05:28:55.892,1.39492,1.39553,2.25,1.50
2011.09.22 05:28:56.016,1.39491,1.39554,1.50,1.50
2011.09.22 05:28:56.477,1.39492,1.39554,1.50,1.50
2011.09.22 05:28:57.366,1.39502,1.39554,1.50,1.50
2011.09.22 05:28:57.718,1.39523,1.39567,1.50,1.50
2011.09.22 05:28:58.748,1.39523,1.39573,1.50,1.50
2011.09.22 05:29:01.051,1.39523,1.39578,1.50,1.50
2011.09.22 05:29:01.763,1.39521,1.39577,1.50,1.50
2011.09.22 05:29:03.396,1.39523,1.39579,1.50,2.25
2011.09.22 05:29:04.747,1.39525,1.39579,1.50,1.50
2011.09.22 05:29:09.107,1.39522,1.39576,1.50,1.50
2011.09.22 05:29:09.459,1.39526,1.3958,1.50,1.50
2011.09.22 05:29:19.207,1.39524,1.3958,1.50,1.50
2011.09.22 05:29:20.490,1.39522,1.3958,2.25,1.50
2011.09.22 05:29:20.947,1.39526,1.39579,1.50,1.50
2011.09.22 05:29:21.526,1.39523,1.39579,1.50,1.50
2011.09.22 05:29:21.791,1.39525,1.39579,1.50,1.50
2011.09.22 05:29:24.605,1.39531,1.39581,2.25,1.50
2011.09.22 05:29:24.732,1.39537,1.39589,1.50,1.50
2011.09.22 05:29:24.858,1.39539,1.39589,1.50,1.50
2011.09.22 05:29:24.981,1.39544,1.39596,1.13,1.13
2011.09.22 05:29:25.637,1.39544,1.39598,1.13,1.50
2011.09.22 05:29:37.648,1.39542,1.39598,1.13,1.50
2011.09.22 05:29:37.769,1.39542,1.39598,1.13,1.50
2011.09.22 05:29:44.730,1.39537,1.39598,1.50,1.50
2011.09.22 05:29:45.333,1.39534,1.39598,1.50,1.50
2011.09.22 05:29:47.656,1.39534,1.39598,1.50,2.25
2011.09.22 05:29:49.364,1.39532,1.39587,1.50,1.50
2011.09.22 05:29:49.721,1.39535,1.39587,1.50,1.50
2011.09.22 05:29:50.330,1.39524,1.39587,1.43,2.25
2011.09.22 05:29:50.451,1.39519,1.3958,1.50,1.50
2011.09.22 05:29:51.102,1.3952,1.3958,1.50,1.50
2011.09.22 05:29:55.789,1.39523,1.3958,1.50,1.50
2011.09.22 05:29:56.273,1.39521,1.3958,1.50,1.50
2011.09.22 05:29:56.810,1.39524,1.3958,1.50,1.50
2011.09.22 05:30:00.181,1.39529,1.3958,1.43,1.50
2011.09.22 05:30:00.994,1.39534,1.39579,1.43,1.50
2011.09.22 05:30:01.360,1.39529,1.39585,1.43,1.43
2011.09.22 05:30:13.978,1.39534,1.39579,1.43,1.50
2011.09.22 05:30:14.098,1.39534,1.3958,1.43,1.50
2011.09.22 05:30:14.436,1.39534,1.39579,1.43,1.50
2011.09.22 05:30:36.569,1.39534,1.39581,1.43,1.50
2011.09.22 05:30:43.719,1.39534,1.39579,1.43,1.50
2011.09.22 05:30:44.458,1.39534,1.39585,1.43,1.50
2011.09.22 05:30:58.741,1.39527,1.39583,1.43,1.43
2011.09.22 05:31:08.922,1.39529,1.39565,1.50,1.50
2011.09.22 05:31:11.650,1.39521,1.39559,1.50,1.50
2011.09.22 05:31:12.602,1.39519,1.39559,1.50,1.50
2011.09.22 05:31:12.852,1.39524,1.39559,1.50,1.50
2011.09.22 05:31:13.105,1.39519,1.39555,1.50,1.50
2011.09.22 05:31:13.351,1.39512,1.39552,1.50,1.50
2011.09.22 05:31:13.838,1.39516,1.39554,1.50,1.50
2011.09.22 05:31:14.861,1.39515,1.39553,1.50,1.50
2011.09.22 05:31:15.666,1.39512,1.39553,1.50,1.50
2011.09.22 05:31:15.810,1.39514,1.39548,1.50,1.50
2011.09.22 05:31:16.169,1.39505,1.39541,1.50,1.50
2011.09.22 05:31:19.011,1.39502,1.39541,1.50,1.50
2011.09.22 05:31:20.669,1.39498,1.39541,1.50,1.50
2011.09.22 05:31:21.149,1.39496,1.39541,2.18,1.50
2011.09.22 05:31:21.392,1.39496,1.39535,1.50,1.50
2011.09.22 05:31:21.645,1.39494,1.39535,1.50,1.50
2011.09.22 05:31:22.361,1.39492,1.39535,2.25,1.50
2011.09.22 05:31:25.816,1.39491,1.39535,1.50,1.50
2011.09.22 05:31:26.050,1.39492,1.39529,1.50,1.50
2011.09.22 05:31:28.861,1.39489,1.39529,1.50,1.50
2011.09.22 05:31:31.057,1.39493,1.39529,1.50,1.50
2011.09.22 05:31:33.247,1.39494,1.3953,1.50,1.50
2011.09.22 05:31:33.477,1.39493,1.39529,1.50,1.50
2011.09.22 05:31:34.687,1.39494,1.3953,1.50,1.50
2011.09.22 05:31:36.036,1.39492,1.39529,1.50,1.50
2011.09.22 05:31:40.453,1.39493,1.39529,1.50,1.50
2011.09.22 05:31:42.978,1.39491,1.39529,1.50,1.50
2011.09.22 05:31:44.261,1.39489,1.39529,1.50,1.50
2011.09.22 05:31:44.602,1.39491,1.39534,1.43,1.50
2011.09.22 05:31:44.841,1.39494,1.39534,1.50,1.50
2011.09.22 05:31:45.431,1.39501,1.39535,1.50,1.50
2011.09.22 05:31:45.803,1.39506,1.39542,1.50,1.50
2011.09.22 05:31:46.438,1.39508,1.39546,1.50,1.50
2011.09.22 05:31:46.787,1.39509,1.39546,1.50,1.50
2011.09.22 05:31:48.397,1.39508,1.39546,1.50,1.50
2011.09.22 05:31:52.351,1.3951,1.39546,1.50,1.50
2011.09.22 05:31:54.063,1.39517,1.39553,1.50,1.50
2011.09.22 05:31:54.990,1.39515,1.39553,1.50,1.50
2011.09.22 05:31:55.228,1.39515,1.39549,1.50,1.50
2011.09.22 05:31:55.460,1.39508,1.39547,1.50,1.50
2011.09.22 05:31:56.507,1.39511,1.39547,1.50,1.50
2011.09.22 05:31:58.512,1.3951,1.39547,1.50,1.50
2011.09.22 05:31:58.873,1.39524,1.39558,1.50,1.50
2011.09.22 05:31:59.347,1.39514,1.39556,1.50,1.50
2011.09.22 05:32:01.569,1.39514,1.39553,1.50,1.50
2011.09.22 05:32:10.239,1.39519,1.39559,1.50,1.50
2011.09.22 05:32:10.360,1.39525,1.39559,1.50,1.50
2011.09.22 05:32:11.022,1.39516,1.39557,1.50,1.50
2011.09.22 05:32:12.453,1.39514,1.39557,1.50,1.50
2011.09.22 05:32:12.820,1.39516,1.39557,1.50,1.50
2011.09.22 05:32:13.425,1.39521,1.39557,1.50,1.50
2011.09.22 05:32:16.180,1.39517,1.39557,1.50,1.50
2011.09.22 05:32:16.942,1.39518,1.39557,1.50,1.50
2011.09.22 05:32:17.429,1.39523,1.39559,1.50,1.50
2011.09.22 05:32:17.791,1.39524,1.39563,1.50,1.50
2011.09.22 05:32:18.140,1.39523,1.39563,1.50,1.50
2011.09.22 05:32:21.380,1.39515,1.39557,1.50,1.50
2011.09.22 05:32:24.242,1.39521,1.39557,1.50,1.50
2011.09.22 05:32:25.540,1.39517,1.39557,2.25,1.50
2011.09.22 05:32:28.320,1.3952,1.39557,1.50,1.50
2011.09.22 05:32:29.212,1.39525,1.39561,1.50,1.50
2011.09.22 05:32:31.728,1.39525,1.39562,1.50,1.50
2011.09.22 05:32:32.888,1.39524,1.39562,1.50,1.50
2011.09.22 05:32:33.013,1.39527,1.39563,1.50,1.50
2011.09.22 05:32:34.750,1.39526,1.39562,1.50,1.50
2011.09.22 05:32:35.449,1.39528,1.39564,1.50,1.50
2011.09.22 05:32:36.017,1.39525,1.39562,1.50,1.50
2011.09.22 05:32:36.576,1.39531,1.39562,1.08,1.50
2011.09.22 05:32:36.709,1.39548,1.39587,1.50,1.50
2011.09.22 05:32:36.951,1.39536,1.39579,1.50,1.50
2011.09.22 05:32:37.660,1.39539,1.39579,1.50,1.50
2011.09.22 05:32:40.449,1.39539,1.39579,1.50,1.50
2011.09.22 05:32:55.447,1.39541,1.39584,1.43,1.50
2011.09.22 05:32:55.679,1.39541,1.39584,1.43,1.50
2011.09.22 05:33:03.209,1.39541,1.39584,1.43,1.50
2011.09.22 05:33:03.546,1.39541,1.39584,1.43,1.50
2011.09.22 05:33:19.913,1.39541,1.39584,1.43,1.50
2011.09.22 05:33:20.809,1.39541,1.39584,1.43,1.50
2011.09.22 05:33:23.488,1.39541,1.39584,1.43,1.50
2011.09.22 05:33:23.718,1.39541,1.39584,1.43,1.50
2011.09.22 05:33:23.948,1.39541,1.39584,1.43,1.50
2011.09.22 05:33:24.400,1.39541,1.39584,1.43,1.50
2011.09.22 05:33:25.778,1.39541,1.39584,2.18,1.50
2011.09.22 05:33:40.929,1.39541,1.39584,1.43,1.50
2011.09.22 05:33:42.046,1.39541,1.39584,2.18,1.50
2011.09.22 05:33:42.286,1.39541,1.39584,1.43,1.50
2011.09.22 05:33:42.888,1.39539,1.39579,1.50,1.50
2011.09.22 05:34:02.277,1.39542,1.39584,2.25,1.50
2011.09.22 05:34:02.399,1.39542,1.39585,2.25,1.50
2011.09.22 05:34:57.090,1.39541,1.39584,1.43,1.50
2011.09.22 05:35:02.405,1.3954,1.39604,1.50,1.50
2011.09.22 05:35:05.022,1.3954,1.39604,1.50,1.50
2011.09.22 05:35:05.728,1.3954,1.39609,1.50,1.50
2011.09.22 05:35:20.868,1.39541,1.39604,1.50,1.50
2011.09.22 05:35:25.537,1.39539,1.39608,1.50,2.25
2011.09.22 05:35:25.667,1.39537,1.39606,2.25,1.50
2011.09.22 05:35:26.142,1.39535,1.39604,1.50,1.50
2011.09.22 05:35:26.488,1.39535,1.39604,1.50,1.50
2011.09.22 05:35:29.318,1.39535,1.39603,1.50,1.50
2011.09.22 05:35:38.063,1.39537,1.39605,1.50,1.50
2011.09.22 05:35:40.641,1.39536,1.39602,1.50,1.50
2011.09.22 05:35:40.771,1.39536,1.39605,1.50,1.50
2011.09.22 05:35:41.000,1.39534,1.39603,1.50,1.50
2011.09.22 05:35:42.829,1.39537,1.39601,1.50,1.13
2011.09.22 05:35:43.409,1.39536,1.39601,1.50,1.13
2011.09.22 05:35:45.822,1.39534,1.39588,1.43,1.50
2011.09.22 05:35:54.308,1.39534,1.39579,1.43,1.50
2011.09.22 05:35:57.937,1.39529,1.39572,1.43,1.50
2011.09.22 05:36:02.434,1.39534,1.39579,1.13,1.50
2011.09.22 05:36:02.799,1.39535,1.39578,1.43,1.50
2011.09.22 05:36:02.921,1.39535,1.39578,1.43,1.50
2011.09.22 05:36:05.060,1.39535,1.39578,1.43,1.50
2011.09.22 05:36:05.287,1.39535,1.39578,1.43,1.50
2011.09.22 05:36:05.530,1.39534,1.39573,1.13,1.50
2011.09.22 05:36:10.468,1.39534,1.39572,1.13,1.50
2011.09.22 05:36:10.706,1.39535,1.39572,1.13,1.50
2011.09.22 05:36:13.628,1.39535,1.39574,1.13,1.50
2011.09.22 05:36:16.787,1.39529,1.39572,1.43,1.50
2011.09.22 05:36:18.008,1.39529,1.39572,1.43,1.50
2011.09.22 05:36:18.948,1.39529,1.39572,1.43,1.50
2011.09.22 05:36:19.176,1.39525,1.39567,1.50,1.50
2011.09.22 05:36:19.305,1.39522,1.39567,1.43,1.50
2011.09.22 05:36:19.433,1.39517,1.3956,1.43,1.50
2011.09.22 05:36:19.802,1.39517,1.3956,1.43,1.50
2011.09.22 05:36:20.172,1.39517,1.3956,1.43,1.50
2011.09.22 05:36:20.728,1.39513,1.39554,1.50,1.50
2011.09.22 05:36:21.308,1.39511,1.39554,1.43,1.50
2011.09.22 05:36:21.538,1.39507,1.39554,1.50,1.50
2011.09.22 05:36:22.142,1.3951,1.39556,2.18,1.50
2011.09.22 05:36:23.832,1.3951,1.39555,1.43,1.50
2011.09.22 05:36:24.787,1.3951,1.39555,1.43,1.50
2011.09.22 05:36:24.916,1.39497,1.3954,2.25,1.50
2011.09.22 05:36:25.389,1.39497,1.3954,1.50,1.50
2011.09.22 05:36:25.629,1.39502,1.3954,1.50,1.50
2011.09.22 05:36:25.995,1.39503,1.39546,1.50,1.50
2011.09.22 05:36:26.363,1.39518,1.39557,1.50,1.50
2011.09.22 05:36:26.493,1.39518,1.3956,1.50,1.50
2011.09.22 05:36:27.468,1.39518,1.3956,1.50,1.50
2011.09.22 05:36:27.595,1.39514,1.39555,1.50,1.50
2011.09.22 05:36:27.844,1.39512,1.39555,1.50,1.50
2011.09.22 05:36:28.089,1.39512,1.39555,1.50,1.50
2011.09.22 05:36:31.054,1.3951,1.39555,1.43,1.50
2011.09.22 05:36:31.304,1.39511,1.39559,1.50,1.50
2011.09.22 05:36:31.428,1.39517,1.3956,1.43,1.50
2011.09.22 05:36:32.321,1.39511,1.39556,1.43,1.50
2011.09.22 05:36:32.549,1.39511,1.39554,1.43,1.50
2011.09.22 05:36:32.889,1.39511,1.39559,1.43,1.50
2011.09.22 05:36:33.243,1.39511,1.39554,1.43,1.50
2011.09.22 05:36:33.493,1.39511,1.39554,1.43,1.50
2011.09.22 05:36:33.625,1.39505,1.39548,1.43,1.50
2011.09.22 05:36:33.876,1.39511,1.39554,1.43,1.50
2011.09.22 05:36:34.418,1.39511,1.39554,1.43,1.50
2011.09.22 05:36:36.671,1.39511,1.39554,2.18,1.50
2011.09.22 05:36:37.032,1.3951,1.39545,1.50,1.50
2011.09.22 05:36:37.400,1.3952,1.39563,1.43,1.50
2011.09.22 05:36:37.523,1.39521,1.39563,1.50,1.50
2011.09.22 05:36:38.032,1.3952,1.39576,1.43,2.18
2011.09.22 05:36:38.165,1.3952,1.39563,2.18,1.50
2011.09.22 05:36:39.579,1.3952,1.39563,1.43,1.50
2011.09.22 05:36:39.700,1.39517,1.39557,1.50,1.50
2011.09.22 05:36:39.939,1.39517,1.39553,1.50,1.50
2011.09.22 05:36:40.183,1.39515,1.39559,1.50,1.50
2011.09.22 05:36:40.310,1.39515,1.39559,1.50,1.50
2011.09.22 05:36:40.554,1.39509,1.39553,1.50,1.50
2011.09.22 05:36:41.485,1.39508,1.39553,2.18,1.50
2011.09.22 05:36:41.621,1.39514,1.39559,1.43,1.50
2011.09.22 05:36:41.741,1.39514,1.39563,1.43,1.50
2011.09.22 05:36:43.099,1.3952,1.39565,1.43,1.50
2011.09.22 05:36:47.364,1.3952,1.39565,1.43,1.50
2011.09.22 05:36:47.734,1.3952,1.3957,1.43,1.50
2011.09.22 05:36:47.862,1.39514,1.39559,1.43,1.50
2011.09.22 05:36:48.232,1.39514,1.39559,1.43,1.50
2011.09.22 05:36:48.363,1.39514,1.3956,1.43,1.50
2011.09.22 05:36:49.720,1.39515,1.3956,1.50,1.50
2011.09.22 05:36:50.200,1.39515,1.39558,1.43,1.50
2011.09.22 05:36:50.670,1.39513,1.39557,1.50,1.50
2011.09.22 05:36:50.788,1.39513,1.39557,1.50,1.50
2011.09.22 05:36:50.909,1.3952,1.39563,1.43,1.50
2011.09.22 05:36:51.468,1.3952,1.39563,1.43,1.50
2011.09.22 05:36:52.477,1.39514,1.3956,2.18,1.50
2011.09.22 05:36:53.479,1.39514,1.39557,2.18,1.50
2011.09.22 05:36:53.829,1.39507,1.39552,2.18,1.50
2011.09.22 05:36:55.742,1.39507,1.39552,2.18,1.50
2011.09.22 05:36:56.448,1.39507,1.39555,2.18,1.50
2011.09.22 05:36:56.678,1.39507,1.39552,2.18,1.50
2011.09.22 05:36:57.090,1.39507,1.39552,2.18,1.50
2011.09.22 05:36:57.450,1.39507,1.39552,2.18,1.50
2011.09.22 05:36:57.829,1.39507,1.39552,2.18,1.50
2011.09.22 05:36:58.425,1.39507,1.39552,2.18,1.50
2011.09.22 05:36:58.550,1.39507,1.39552,2.18,1.50
2011.09.22 05:36:58.782,1.39507,1.39552,2.18,1.50
2011.09.22 05:36:59.272,1.39507,1.39552,2.18,1.50
2011.09.22 05:36:59.948,1.39509,1.39552,1.50,1.50
2011.09.22 05:37:00.189,1.39509,1.39552,1.50,1.50
2011.09.22 05:37:01.350,1.39507,1.39552,1.43,1.50
2011.09.22 05:37:01.829,1.39507,1.39552,1.43,1.50
2011.09.22 05:37:02.179,1.39501,1.39546,2.18,1.50
2011.09.22 05:37:02.919,1.39501,1.39546,2.18,1.50
2011.09.22 05:37:03.536,1.39504,1.39546,1.50,1.50
2011.09.22 05:37:04.012,1.39504,1.39546,1.50,1.50
2011.09.22 05:37:04.259,1.39504,1.39546,1.50,1.50
2011.09.22 05:37:04.748,1.39504,1.39546,1.50,1.50
2011.09.22 05:37:05.231,1.39504,1.39546,1.50,1.50
2011.09.22 05:37:06.773,1.39508,1.39552,1.50,1.50
2011.09.22 05:37:07.349,1.39507,1.39552,1.43,1.50
2011.09.22 05:37:08.171,1.39509,1.39552,1.50,1.50
2011.09.22 05:37:08.533,1.39511,1.39559,1.50,1.50
2011.09.22 05:37:08.659,1.39514,1.39559,2.18,1.50
2011.09.22 05:37:11.892,1.39518,1.39557,1.50,1.50
2011.09.22 05:37:12.247,1.39516,1.39557,1.50,1.50
2011.09.22 05:37:13.609,1.39516,1.39557,1.50,1.50
2011.09.22 05:37:14.078,1.39516,1.39557,1.50,1.50
2011.09.22 05:37:14.205,1.39514,1.39557,2.18,1.50
2011.09.22 05:37:16.949,1.39518,1.39557,1.50,1.50
2011.09.22 05:37:17.066,1.3952,1.39563,1.43,1.50
2011.09.22 05:37:20.071,1.39516,1.39558,2.25,1.50
2011.09.22 05:37:20.194,1.39516,1.39558,2.25,1.50
2011.09.22 05:37:20.439,1.39516,1.39558,2.25,1.50
2011.09.22 05:37:20.561,1.39516,1.39558,2.25,1.50
2011.09.22 05:37:20.917,1.39521,1.39564,1.43,1.50
2011.09.22 05:37:21.712,1.39526,1.39571,1.43,1.50
2011.09.22 05:37:23.453,1.39526,1.39571,1.43,1.50
2011.09.22 05:37:24.380,1.39522,1.39564,1.50,1.50
2011.09.22 05:37:24.625,1.39522,1.39564,1.50,1.50
2011.09.22 05:37:24.753,1.39526,1.39571,1.43,1.50
2011.09.22 05:37:24.884,1.39526,1.39571,1.43,1.50
2011.09.22 05:37:25.836,1.39532,1.39577,1.43,1.50
2011.09.22 05:37:27.239,1.39525,1.3957,1.43,1.50
2011.09.22 05:37:27.472,1.39525,1.3957,1.43,1.50
2011.09.22 05:37:27.845,1.39525,1.3957,1.43,1.50
2011.09.22 05:37:28.199,1.39525,1.39573,1.43,1.50
2011.09.22 05:37:28.317,1.39532,1.39575,1.43,1.50
2011.09.22 05:37:33.814,1.39532,1.39575,1.43,1.50
2011.09.22 05:37:34.290,1.39532,1.39575,1.43,1.50
2011.09.22 05:37:37.898,1.39532,1.39575,1.43,1.50
2011.09.22 05:37:38.851,1.39532,1.39575,2.18,1.50
2011.09.22 05:37:41.446,1.39533,1.39575,1.50,1.50
2011.09.22 05:37:41.967,1.39533,1.39575,1.50,1.50
2011.09.22 05:37:42.699,1.39533,1.39575,1.50,1.50
2011.09.22 05:37:45.410,1.39532,1.39575,1.43,1.50
2011.09.22 05:37:46.526,1.39532,1.39575,2.18,1.50
2011.09.22 05:37:47.095,1.39532,1.39575,2.18,1.50
2011.09.22 05:37:49.641,1.39533,1.39569,1.50,1.50
2011.09.22 05:37:49.764,1.39533,1.39576,1.50,1.50
2011.09.22 05:37:50.129,1.39538,1.39576,1.50,1.50
2011.09.22 05:37:51.928,1.39539,1.39576,1.50,1.50
2011.09.22 05:37:52.288,1.39538,1.39574,1.50,1.50
2011.09.22 05:37:52.894,1.39531,1.3957,1.50,1.50
2011.09.22 05:37:53.389,1.39538,1.39582,1.50,1.43
2011.09.22 05:37:53.532,1.39538,1.39583,1.50,1.50
2011.09.22 05:37:55.528,1.39537,1.39577,1.50,1.50
2011.09.22 05:37:56.107,1.39535,1.39577,1.50,1.50
2011.09.22 05:38:00.431,1.39528,1.39569,1.50,1.50
2011.09.22 05:38:00.550,1.39528,1.39574,1.50,1.50
2011.09.22 05:38:01.018,1.39532,1.39579,1.50,1.50
2011.09.22 05:38:02.586,1.39533,1.39578,1.50,1.50
2011.09.22 05:38:04.950,1.39531,1.39568,2.25,1.50
2011.09.22 05:38:05.795,1.39531,1.3957,2.25,1.50
2011.09.22 05:38:07.453,1.39531,1.39568,2.25,1.50
2011.09.22 05:38:07.939,1.39532,1.39568,1.50,1.50
2011.09.22 05:38:08.550,1.39531,1.39574,1.50,1.50
2011.09.22 05:38:09.462,1.39525,1.39574,1.50,1.50
2011.09.22 05:38:15.869,1.39516,1.39569,1.50,1.43
2011.09.22 05:38:16.527,1.39516,1.39556,1.50,1.50
2011.09.22 05:38:22.074,1.39514,1.3955,1.50,1.50
2011.09.22 05:38:23.282,1.39508,1.39542,1.50,1.50
2011.09.22 05:38:23.527,1.39508,1.39545,1.50,1.50
2011.09.22 05:38:24.939,1.39509,1.39545,1.50,1.50
2011.09.22 05:38:25.278,1.39509,1.39553,1.50,1.50
2011.09.22 05:38:25.642,1.39515,1.39558,1.43,1.50
2011.09.22 05:38:25.769,1.39516,1.39558,1.50,1.50
2011.09.22 05:38:26.119,1.39516,1.39558,1.50,1.50
2011.09.22 05:38:30.714,1.39522,1.39558,1.50,1.50
2011.09.22 05:38:31.572,1.39521,1.39566,1.43,1.50
2011.09.22 05:38:31.700,1.39517,1.39559,1.08,1.50
2011.09.22 05:38:31.818,1.39516,1.39559,1.50,1.50
2011.09.22 05:38:34.767,1.39534,1.39559,2.25,1.50
2011.09.22 05:38:34.893,1.39527,1.3957,1.50,1.50
2011.09.22 05:38:35.037,1.39534,1.3957,1.50,1.50
2011.09.22 05:38:35.278,1.39525,1.3957,1.43,1.50
2011.09.22 05:38:35.642,1.39521,1.39564,2.93,1.50
2011.09.22 05:38:35.768,1.39526,1.39571,1.43,1.50
2011.09.22 05:38:36.235,1.39521,1.39564,2.18,1.50
2011.09.22 05:38:36.480,1.39521,1.39564,2.18,1.50
2011.09.22 05:38:36.952,1.39534,1.39573,1.50,1.50
2011.09.22 05:38:37.080,1.39539,1.39573,1.50,1.50
2011.09.22 05:38:37.202,1.39537,1.39567,1.50,1.50
2011.09.22 05:38:37.822,1.39524,1.39567,1.43,1.50
2011.09.22 05:38:37.961,1.39515,1.3956,1.43,1.50
2011.09.22 05:38:38.079,1.39515,1.3956,1.43,1.50
2011.09.22 05:38:39.161,1.39528,1.3956,3.00,1.50
2011.09.22 05:38:39.281,1.3953,1.39573,2.18,2.25
2011.09.22 05:38:39.978,1.3953,1.39573,1.43,1.50
2011.09.22 05:38:40.209,1.3953,1.39573,1.43,1.50
2011.09.22 05:38:40.327,1.39516,1.39559,1.43,1.50
2011.09.22 05:38:40.845,1.39516,1.39559,1.43,1.50
2011.09.22 05:38:42.264,1.39515,1.39555,1.09,1.50
2011.09.22 05:38:42.398,1.39509,1.39553,1.50,1.50
2011.09.22 05:38:42.737,1.39511,1.39553,1.50,1.50
2011.09.22 05:38:43.090,1.39515,1.39558,1.43,1.50
2011.09.22 05:38:43.438,1.39515,1.39558,1.43,1.50
2011.09.22 05:38:43.794,1.3952,1.39565,1.43,1.50
2011.09.22 05:38:44.991,1.39526,1.39571,1.43,1.50
2011.09.22 05:38:45.584,1.39531,1.39571,1.50,1.50
2011.09.22 05:38:46.424,1.39525,1.39565,1.50,1.50
2011.09.22 05:38:47.541,1.39527,1.3957,1.43,1.50
2011.09.22 05:38:47.783,1.39527,1.3957,1.43,1.50
2011.09.22 05:38:48.603,1.39534,1.39576,1.50,1.50
2011.09.22 05:38:48.731,1.39534,1.39577,1.50,1.50
2011.09.22 05:38:49.090,1.39533,1.39576,1.43,1.50
2011.09.22 05:38:50.102,1.39538,1.39583,1.43,1.50
2011.09.22 05:38:50.230,1.39538,1.39583,1.43,1.50
2011.09.22 05:38:50.589,1.39538,1.39585,1.43,1.50
2011.09.22 05:38:51.900,1.39538,1.39583,1.43,1.50
2011.09.22 05:38:53.387,1.39538,1.39583,1.43,1.50
2011.09.22 05:38:54.115,1.39535,1.39577,1.50,1.50
2011.09.22 05:38:58.012,1.39535,1.3958,1.50,1.50
2011.09.22 05:39:03.290,1.39534,1.3957,1.50,1.50
2011.09.22 05:39:03.413,1.39535,1.39578,2.18,1.50
2011.09.22 05:39:06.047,1.3954,1.39585,1.43,1.50
2011.09.22 05:39:06.412,1.39543,1.39588,1.50,1.50
2011.09.22 05:39:06.543,1.39547,1.3959,1.43,1.50
2011.09.22 05:39:07.162,1.39551,1.39594,1.43,1.50
2011.09.22 05:39:07.299,1.39551,1.39594,1.43,1.50
2011.09.22 05:39:07.423,1.39551,1.39594,1.43,1.50
2011.09.22 05:39:09.821,1.39557,1.39601,1.50,1.50
2011.09.22 05:39:10.063,1.39557,1.39601,1.50,1.50
2011.09.22 05:39:10.811,1.39557,1.39595,1.50,1.50
2011.09.22 05:39:11.628,1.3955,1.39595,2.18,1.50
2011.09.22 05:39:13.758,1.3955,1.39595,2.18,1.50
2011.09.22 05:39:14.941,1.3955,1.39596,2.18,1.50
2011.09.22 05:39:20.979,1.39544,1.396,1.43,1.50
2011.09.22 05:39:21.725,1.39544,1.39595,1.50,2.18
2011.09.22 05:39:24.300,1.39545,1.39597,1.43,1.50
2011.09.22 05:39:39.102,1.39551,1.39604,1.43,1.50
2011.09.22 05:39:40.963,1.39556,1.3961,1.43,1.50
2011.09.22 05:39:45.515,1.3955,1.39608,1.43,2.18
2011.09.22 05:39:49.138,1.39557,1.39608,1.43,1.50
2011.09.22 05:39:59.558,1.39557,1.396,1.43,1.50
2011.09.22 05:39:59.677,1.39551,1.39598,1.43,1.50
2011.09.22 05:40:01.740,1.39544,1.39594,2.18,1.50
2011.09.22 05:40:07.064,1.39539,1.39594,1.50,1.50
2011.09.22 05:40:13.265,1.39551,1.39596,1.50,1.43
2011.09.22 05:40:13.511,1.39545,1.39594,1.43,1.50
2011.09.22 05:40:14.220,1.39563,1.39598,1.50,1.50
2011.09.22 05:40:15.868,1.39563,1.396,1.50,1.50
2011.09.22 05:40:16.002,1.39559,1.39595,1.50,1.50
2011.09.22 05:40:18.888,1.39556,1.39595,1.50,1.50
2011.09.22 05:40:19.468,1.39556,1.39594,1.50,1.50
2011.09.22 05:40:20.265,1.39558,1.39594,1.50,1.50
2011.09.22 05:40:20.404,1.39569,1.39605,1.50,1.50
2011.09.22 05:40:22.833,1.39569,1.39606,1.50,1.50
2011.09.22 05:40:23.069,1.39568,1.39606,1.50,1.50
2011.09.22 05:40:25.630,1.39568,1.39606,1.50,1.50
2011.09.22 05:40:27.750,1.39562,1.39605,1.43,1.50
2011.09.22 05:40:28.326,1.39561,1.39604,1.50,1.50
2011.09.22 05:40:29.288,1.39568,1.39609,1.50,1.50
2011.09.22 05:40:30.131,1.39564,1.39608,1.50,1.50
2011.09.22 05:40:33.068,1.39564,1.39606,1.50,1.50
2011.09.22 05:40:34.126,1.39564,1.39604,1.50,1.50
2011.09.22 05:40:49.560,1.39555,1.396,2.18,1.50
2011.09.22 05:40:49.787,1.39558,1.396,1.50,1.50
2011.09.22 05:40:50.511,1.39555,1.396,1.43,1.50
2011.09.22 05:40:50.737,1.39559,1.396,1.50,1.50
2011.09.22 05:40:51.841,1.39555,1.396,1.43,1.50
2011.09.22 05:40:51.960,1.3955,1.39593,2.93,1.50
2011.09.22 05:40:52.201,1.39542,1.39585,1.50,1.50
2011.09.22 05:40:52.997,1.39545,1.39583,1.50,1.50
2011.09.22 05:40:53.240,1.39545,1.39578,1.50,1.50
2011.09.22 05:40:53.361,1.39539,1.39571,1.50,1.50
2011.09.22 05:40:53.482,1.39538,1.39571,1.50,1.50
2011.09.22 05:40:53.612,1.39538,1.39571,1.50,1.50
2011.09.22 05:41:15.062,1.39528,1.39575,1.50,1.50
2011.09.22 05:41:15.285,1.39528,1.39571,1.50,1.50
2011.09.22 05:41:26.059,1.3953,1.39572,1.50,1.50
2011.09.22 05:41:27.338,1.39531,1.39571,1.50,1.50
2011.09.22 05:41:28.053,1.3953,1.39571,1.50,1.50
2011.09.22 05:41:29.871,1.39532,1.39572,1.50,1.50
2011.09.22 05:41:30.693,1.39531,1.39571,1.50,1.50
2011.09.22 05:41:32.125,1.39537,1.39571,1.50,1.50
2011.09.22 05:41:33.487,1.39535,1.39578,1.43,1.50
2011.09.22 05:41:33.613,1.39552,1.39586,1.50,1.50
2011.09.22 05:41:33.860,1.39541,1.39586,1.50,2.18
2011.09.22 05:41:33.982,1.39535,1.39574,1.50,1.50
2011.09.22 05:41:34.110,1.39537,1.3958,1.43,1.50
2011.09.22 05:41:34.515,1.3955,1.39584,1.50,1.50
2011.09.22 05:41:34.644,1.3955,1.39586,1.50,1.50
2011.09.22 05:41:35.831,1.39554,1.39588,1.50,1.50
2011.09.22 05:41:36.419,1.39549,1.39586,1.50,1.50
2011.09.22 05:41:36.955,1.39558,1.39594,1.50,1.50
2011.09.22 05:41:38.363,1.39561,1.39604,1.50,1.50
2011.09.22 05:41:38.491,1.39571,1.39608,1.50,1.50
2011.09.22 05:41:38.610,1.39569,1.39605,1.50,1.50
2011.09.22 05:41:38.730,1.39575,1.39609,1.50,1.50
2011.09.22 05:41:38.850,1.39568,1.39609,1.50,1.50
2011.09.22 05:41:38.969,1.39559,1.396,1.50,1.50
2011.09.22 05:41:39.553,1.39567,1.39603,1.50,1.50
2011.09.22 05:41:47.468,1.39575,1.3961,1.50,1.50
2011.09.22 05:41:48.340,1.39575,1.39613,1.50,1.50
2011.09.22 05:41:48.919,1.39575,1.3961,1.50,1.50
2011.09.22 05:41:49.844,1.39573,1.3961,1.50,1.50
2011.09.22 05:41:50.558,1.39568,1.39613,1.50,2.18
2011.09.22 05:41:51.958,1.39568,1.39609,1.50,1.50
2011.09.22 05:41:54.519,1.39574,1.39612,1.50,1.50
2011.09.22 05:42:02.201,1.39574,1.39617,1.50,1.50
2011.09.22 05:42:02.709,1.39571,1.39615,1.50,1.50
2011.09.22 05:42:54.079,1.39569,1.39612,1.50,1.50
2011.09.22 05:42:55.769,1.39569,1.39608,1.50,1.50
2011.09.22 05:42:59.196,1.39561,1.39606,1.43,1.50
2011.09.22 05:42:59.731,1.39561,1.39606,1.43,1.50
2011.09.22 05:43:00.208,1.39561,1.39606,1.43,1.50
2011.09.22 05:43:03.719,1.39561,1.39606,1.43,1.50
2011.09.22 05:43:03.963,1.39556,1.39599,2.18,1.50
2011.09.22 05:43:04.308,1.39556,1.39604,2.18,1.50
2011.09.22 05:43:07.190,1.39563,1.39605,1.50,1.50
2011.09.22 05:43:12.319,1.39569,1.39613,1.43,1.50
2011.09.22 05:43:14.832,1.39569,1.39612,1.43,1.50
2011.09.22 05:43:14.950,1.39566,1.39606,1.50,1.50
2011.09.22 05:43:15.069,1.39567,1.39608,1.50,1.50
2011.09.22 05:43:15.522,1.39569,1.39612,1.43,1.50
2011.09.22 05:43:15.647,1.39569,1.39613,1.43,1.50
2011.09.22 05:43:19.732,1.39569,1.39612,1.43,1.50
2011.09.22 05:43:19.970,1.39569,1.39612,2.18,1.50
2011.09.22 05:43:21.033,1.39576,1.39619,1.50,1.50
2011.09.22 05:43:22.982,1.39593,1.39629,1.50,1.50
2011.09.22 05:43:23.226,1.39595,1.39633,1.50,1.50
2011.09.22 05:43:23.353,1.39595,1.3964,2.18,1.50
2011.09.22 05:43:23.601,1.39601,1.39645,1.43,1.50
2011.09.22 05:43:24.367,1.39606,1.39646,1.50,1.50
2011.09.22 05:43:24.875,1.39607,1.39646,1.50,1.50
2011.09.22 05:43:25.000,1.39612,1.39648,1.50,2.25
2011.09.22 05:43:25.362,1.39608,1.39646,1.50,1.50
2011.09.22 05:43:25.490,1.39611,1.39647,1.50,1.50
2011.09.22 05:43:26.999,1.39616,1.39651,1.50,1.50
2011.09.22 05:43:27.679,1.39614,1.39651,1.50,1.50
2011.09.22 05:43:27.802,1.39615,1.39651,1.50,1.50
2011.09.22 05:43:31.685,1.39615,1.39651,1.50,1.50
2011.09.22 05:43:31.821,1.39618,1.39652,1.50,1.50
2011.09.22 05:43:32.417,1.39614,1.39651,1.50,1.50
2011.09.22 05:43:32.943,1.39618,1.39654,1.50,1.50
2011.09.22 05:43:34.418,1.39616,1.39658,1.50,1.50
2011.09.22 05:43:35.009,1.39621,1.39658,1.50,1.50
2011.09.22 05:43:35.260,1.39618,1.39658,1.50,1.50
2011.09.22 05:43:39.862,1.39623,1.39663,1.50,2.25
2011.09.22 05:43:40.100,1.39619,1.39658,1.50,1.50
2011.09.22 05:43:40.466,1.39626,1.39671,1.43,1.50
2011.09.22 05:43:40.594,1.39622,1.39662,1.50,1.50
2011.09.22 05:43:40.842,1.39621,1.39673,1.50,1.50
2011.09.22 05:43:41.177,1.39623,1.39669,1.43,1.50
2011.09.22 05:43:41.517,1.39619,1.39669,1.50,1.50
2011.09.22 05:43:57.729,1.39617,1.39662,1.43,1.50
2011.09.22 05:43:57.849,1.39612,1.39655,1.50,1.50
2011.09.22 05:43:59.360,1.39609,1.39646,1.50,1.50
2011.09.22 05:43:59.841,1.39609,1.39643,1.50,1.50
2011.09.22 05:44:00.345,1.39602,1.39643,1.50,1.50
2011.09.22 05:44:00.935,1.3961,1.39644,1.50,1.50
2011.09.22 05:44:01.580,1.39605,1.39648,1.50,1.50
2011.09.22 05:44:05.669,1.39605,1.39643,1.50,1.50
2011.09.22 05:44:05.793,1.39605,1.39642,1.50,1.50
2011.09.22 05:44:06.703,1.39605,1.39641,1.50,1.50
2011.09.22 05:44:06.838,1.39599,1.39641,1.50,1.50
2011.09.22 05:44:07.083,1.39605,1.39641,1.50,1.50
2011.09.22 05:44:14.381,1.39607,1.39643,1.50,1.50
2011.09.22 05:44:14.959,1.39612,1.39646,1.50,1.50
2011.09.22 05:44:15.519,1.39612,1.39648,1.50,1.50
2011.09.22 05:44:16.048,1.39614,1.3965,1.50,1.50
2011.09.22 05:44:16.392,1.39615,1.39651,1.50,1.50
2011.09.22 05:44:24.871,1.39599,1.39652,1.43,1.50
2011.09.22 05:44:25.230,1.39592,1.3965,1.43,1.43
2011.09.22 05:44:32.829,1.396,1.39652,1.43,2.25
2011.09.22 05:44:34.171,1.39606,1.39656,1.43,1.50
2011.09.22 05:44:35.810,1.39611,1.39656,1.43,2.25
2011.09.22 05:44:37.242,1.39611,1.39656,1.43,2.25
2011.09.22 05:44:37.468,1.39611,1.39656,1.43,2.25
2011.09.22 05:44:41.352,1.39611,1.39656,1.43,2.25
2011.09.22 05:44:42.823,1.39611,1.39655,1.43,1.50
2011.09.22 05:44:45.330,1.39611,1.39654,1.43,1.50
2011.09.22 05:44:45.583,1.39606,1.39649,1.43,1.50
2011.09.22 05:44:47.541,1.39606,1.3965,1.43,1.50
2011.09.22 05:44:49.483,1.39607,1.39649,1.50,1.50
2011.09.22 05:44:50.064,1.39614,1.39657,1.43,1.50
2011.09.22 05:44:50.759,1.39614,1.39657,1.43,1.50
2011.09.22 05:44:51.351,1.39614,1.39657,1.43,1.50
2011.09.22 05:44:51.592,1.39614,1.39657,1.43,1.50
2011.09.22 05:45:00.148,1.39614,1.3966,1.43,1.50
2011.09.22 05:45:00.391,1.39614,1.39657,1.43,1.50
2011.09.22 05:45:00.619,1.39614,1.39669,1.43,2.25
2011.09.22 05:45:00.749,1.39621,1.39667,1.43,1.50
2011.09.22 05:45:01.118,1.39616,1.39654,1.50,1.50
2011.09.22 05:45:01.484,1.39604,1.39647,1.50,3.30
2011.09.22 05:45:02.077,1.39605,1.39642,1.50,1.50
2011.09.22 05:45:02.683,1.3961,1.39645,1.50,1.50
2011.09.22 05:45:03.521,1.3961,1.39646,1.50,1.50
2011.09.22 05:45:04.188,1.39614,1.39654,1.50,2.25
2011.09.22 05:45:05.898,1.39606,1.39644,1.50,1.50
2011.09.22 05:45:06.145,1.39606,1.39642,1.50,1.50
2011.09.22 05:45:08.082,1.39602,1.39634,1.50,1.50
2011.09.22 05:45:08.320,1.39591,1.39627,1.50,1.50
2011.09.22 05:45:09.698,1.39596,1.39632,1.50,1.50
2011.09.22 05:45:10.050,1.396,1.39634,1.50,1.50
2011.09.22 05:45:10.291,1.396,1.39632,1.50,1.50
2011.09.22 05:45:10.972,1.39597,1.39632,1.50,1.50
2011.09.22 05:45:11.820,1.39601,1.39633,1.50,1.50
2011.09.22 05:45:11.946,1.39601,1.39632,1.50,1.50
2011.09.22 05:45:12.077,1.39601,1.39635,1.50,1.50
2011.09.22 05:45:13.271,1.39595,1.39639,1.50,1.43
2011.09.22 05:45:13.513,1.39581,1.39627,1.50,1.43
2011.09.22 05:45:13.990,1.39575,1.39614,1.50,1.50
2011.09.22 05:45:14.122,1.39575,1.39609,1.50,1.50
2011.09.22 05:45:15.094,1.39576,1.39613,2.25,1.50
2011.09.22 05:45:15.450,1.39576,1.39616,2.25,1.50
2011.09.22 05:45:15.570,1.3958,1.39616,1.50,1.50
2011.09.22 05:45:15.693,1.39582,1.39623,1.50,1.50
2011.09.22 05:45:15.820,1.39588,1.39644,1.43,1.43
2011.09.22 05:45:17.600,1.39615,1.3965,1.50,1.50
2011.09.22 05:45:17.726,1.39623,1.39655,1.50,1.50
2011.09.22 05:45:17.854,1.39602,1.39647,1.50,1.43
2011.09.22 05:45:18.220,1.39609,1.39652,1.50,1.43
2011.09.22 05:45:18.581,1.39609,1.39646,1.50,1.50
2011.09.22 05:45:18.941,1.39612,1.39647,1.50,1.50
2011.09.22 05:45:20.118,1.39611,1.39648,1.50,1.50
2011.09.22 05:45:20.818,1.39615,1.39649,1.50,1.50
2011.09.22 05:45:21.640,1.39615,1.39649,1.50,1.50
2011.09.22 05:45:21.989,1.39618,1.39652,1.50,1.50
2011.09.22 05:45:22.108,1.3962,1.39653,1.50,1.50
2011.09.22 05:45:23.791,1.3964,1.39672,1.50,1.50
2011.09.22 05:45:23.931,1.3964,1.39677,1.50,1.50
2011.09.22 05:45:24.163,1.39648,1.39687,1.50,1.50
2011.09.22 05:45:24.413,1.39655,1.39696,1.50,1.50
2011.09.22 05:45:24.546,1.39655,1.397,2.18,1.50
2011.09.22 05:45:25.130,1.39668,1.39708,1.50,2.25
2011.09.22 05:45:25.610,1.39669,1.39708,1.50,1.50
2011.09.22 05:45:28.030,1.39674,1.3971,1.50,1.50
2011.09.22 05:45:34.743,1.39677,1.39711,1.50,1.50
2011.09.22 05:45:34.878,1.39677,1.39716,1.50,1.50
2011.09.22 05:45:35.228,1.3968,1.39725,1.43,1.50
2011.09.22 05:45:35.349,1.39687,1.3973,1.43,1.50
2011.09.22 05:45:35.471,1.39687,1.39733,1.43,1.50
2011.09.22 05:45:37.995,1.397,1.39732,1.50,1.50
2011.09.22 05:45:38.360,1.397,1.39733,1.50,1.50
2011.09.22 05:45:40.041,1.39684,1.39735,1.50,1.43
2011.09.22 05:45:45.451,1.39683,1.39735,1.50,1.50
2011.09.22 05:45:47.330,1.39681,1.39723,1.50,1.50
2011.09.22 05:45:48.544,1.39679,1.39717,1.50,1.50
2011.09.22 05:45:49.823,1.39677,1.39719,1.50,1.50
2011.09.22 05:45:49.949,1.39683,1.39719,1.50,1.50
2011.09.22 05:45:50.289,1.39671,1.39714,1.43,1.50
2011.09.22 05:45:50.770,1.39674,1.39715,1.50,1.50
2011.09.22 05:45:51.002,1.39683,1.39728,1.50,2.93
2011.09.22 05:45:51.239,1.39683,1.39728,1.50,1.43
2011.09.22 05:45:51.718,1.39687,1.39734,1.50,1.50
2011.09.22 05:45:53.400,1.39682,1.39716,1.50,1.50
2011.09.22 05:45:54.321,1.39685,1.39735,1.50,1.50
2011.09.22 05:45:55.146,1.39686,1.39729,1.43,1.50
2011.09.22 05:45:55.262,1.39691,1.39736,1.43,1.50
2011.09.22 05:45:55.380,1.39686,1.39729,1.43,1.50
2011.09.22 05:45:56.042,1.3968,1.39723,1.43,1.50
2011.09.22 05:45:56.163,1.39683,1.39723,1.50,1.50
2011.09.22 05:45:56.414,1.39692,1.39732,1.13,1.50
2011.09.22 05:45:56.543,1.39694,1.39736,1.08,1.50
2011.09.22 05:45:57.129,1.39697,1.39738,1.50,1.50
2011.09.22 05:45:57.480,1.39697,1.39735,1.50,1.50
2011.09.22 05:46:01.271,1.39693,1.39731,1.83,1.50
2011.09.22 05:46:01.393,1.39695,1.39731,1.50,1.50
2011.09.22 05:46:01.762,1.39695,1.39738,1.50,1.50
2011.09.22 05:46:03.172,1.39694,1.39738,1.08,1.50
2011.09.22 05:46:06.019,1.39694,1.39731,1.08,1.50
2011.09.22 05:46:06.880,1.39694,1.39731,1.83,1.50
2011.09.22 05:46:07.005,1.39694,1.39728,1.50,1.50
2011.09.22 05:46:07.488,1.39691,1.39725,1.13,1.50
2011.09.22 05:46:08.125,1.39683,1.39728,1.43,1.50
2011.09.22 05:46:08.250,1.39679,1.39722,1.83,1.50
2011.09.22 05:46:08.602,1.39679,1.39716,1.08,1.50
2011.09.22 05:46:16.476,1.39675,1.39716,1.50,1.50
2011.09.22 05:46:17.706,1.39671,1.39716,1.43,1.50
2011.09.22 05:46:24.477,1.39671,1.39716,1.43,1.50
2011.09.22 05:46:27.552,1.39671,1.39716,1.43,1.50
2011.09.22 05:46:28.252,1.39681,1.39724,1.43,1.50
2011.09.22 05:46:28.588,1.39674,1.39719,1.43,1.50
2011.09.22 05:46:28.711,1.39682,1.39725,1.43,1.50
2011.09.22 05:46:28.953,1.39672,1.39717,1.43,1.50
2011.09.22 05:46:29.366,1.39672,1.39717,1.43,1.50
2011.09.22 05:46:29.614,1.39672,1.39717,1.43,1.50
2011.09.22 05:46:29.983,1.39679,1.39724,1.43,1.50
2011.09.22 05:46:30.115,1.39673,1.39718,1.43,1.50
2011.09.22 05:46:30.572,1.39673,1.39718,1.43,1.50
2011.09.22 05:46:30.691,1.39669,1.39732,1.50,1.50
2011.09.22 05:46:31.609,1.39664,1.39732,1.50,1.50
2011.09.22 05:46:31.731,1.39663,1.39732,2.25,1.50
2011.09.22 05:46:32.330,1.39661,1.39724,2.25,1.50
2011.09.22 05:46:32.920,1.39661,1.39724,1.50,1.50
2011.09.22 05:46:34.406,1.39661,1.39724,1.50,2.25
2011.09.22 05:46:35.342,1.39669,1.39724,1.50,1.50
2011.09.22 05:46:35.886,1.39666,1.39729,1.50,1.50
2011.09.22 05:46:36.251,1.39668,1.39737,1.08,1.50
2011.09.22 05:46:36.610,1.39673,1.3974,1.08,1.50
2011.09.22 05:46:36.854,1.39673,1.3974,1.08,1.50
2011.09.22 05:46:37.332,1.39678,1.3974,1.50,1.50
2011.09.22 05:46:37.685,1.3968,1.3974,1.75,1.50
2011.09.22 05:46:39.142,1.39693,1.3974,1.50,1.50
2011.09.22 05:46:39.287,1.39705,1.39735,1.33,1.50
2011.09.22 05:46:39.532,1.39703,1.39737,1.38,1.50
2011.09.22 05:46:39.778,1.397,1.39737,1.33,1.50
2011.09.22 05:46:40.250,1.397,1.39744,1.33,1.50
2011.09.22 05:46:40.372,1.39701,1.39744,1.33,1.50
2011.09.22 05:46:40.492,1.39706,1.39749,1.43,1.50
2011.09.22 05:46:40.614,1.39706,1.39752,1.43,1.50
2011.09.22 05:46:40.979,1.39701,1.39744,1.33,1.50
2011.09.22 05:46:41.849,1.39707,1.39751,1.50,1.50
2011.09.22 05:46:42.668,1.39705,1.3975,2.18,1.50
2011.09.22 05:46:43.133,1.39706,1.39751,1.50,1.50
2011.09.22 05:46:45.144,1.39707,1.39754,1.50,1.50
2011.09.22 05:46:45.514,1.39693,1.39735,1.38,1.50
2011.09.22 05:46:45.642,1.39693,1.39742,1.38,3.60
2011.09.22 05:46:45.764,1.39693,1.39737,1.38,1.43
2011.09.22 05:46:46.129,1.39692,1.39734,2.13,1.50
2011.09.22 05:46:46.251,1.39692,1.39734,2.50,1.50
2011.09.22 05:46:46.381,1.39699,1.39741,1.13,1.50
2011.09.22 05:46:46.500,1.39699,1.39741,1.38,1.50
2011.09.22 05:46:47.093,1.39699,1.39741,1.38,1.50
2011.09.22 05:46:50.024,1.39701,1.39746,1.68,1.50
2011.09.22 05:46:50.152,1.39709,1.39753,1.50,1.50
2011.09.22 05:46:51.863,1.39708,1.39747,1.50,1.50
2011.09.22 05:46:52.222,1.39696,1.39743,1.38,1.50
2011.09.22 05:46:52.589,1.397,1.39739,1.50,1.50
2011.09.22 05:46:53.160,1.39702,1.39739,1.50,1.50
2011.09.22 05:46:53.746,1.39702,1.39746,1.50,1.50
2011.09.22 05:46:54.463,1.39697,1.39746,1.50,2.18
2011.09.22 05:46:56.638,1.39704,1.39739,1.13,1.50
2011.09.22 05:46:57.600,1.39698,1.39739,1.38,1.50
2011.09.22 05:46:58.619,1.39698,1.39739,1.38,1.50
2011.09.22 05:46:58.746,1.39698,1.39733,1.38,1.50
2011.09.22 05:46:59.712,1.39693,1.39736,1.38,1.50
2011.09.22 05:47:00.138,1.39696,1.39741,1.43,1.50
2011.09.22 05:47:00.260,1.39703,1.39741,1.50,1.50
2011.09.22 05:47:00.975,1.39706,1.39751,2.55,1.50
2011.09.22 05:47:01.223,1.39707,1.39754,1.75,1.50
2011.09.22 05:47:01.469,1.39707,1.39751,1.75,1.50
2011.09.22 05:47:02.299,1.39706,1.39751,2.05,1.50
2011.09.22 05:47:02.664,1.39707,1.3975,1.38,1.50
2011.09.22 05:47:05.886,1.397,1.39744,1.38,1.50
2011.09.22 05:47:06.022,1.39702,1.39744,1.75,1.50
2011.09.22 05:47:06.387,1.39705,1.39739,1.50,1.50
2011.09.22 05:47:09.333,1.397,1.39737,2.13,1.50
2011.09.22 05:47:10.823,1.397,1.39735,2.13,1.50
2011.09.22 05:47:11.431,1.397,1.39732,1.38,1.50
2011.09.22 05:47:12.295,1.397,1.39732,1.38,1.50
2011.09.22 05:47:12.653,1.39694,1.39732,1.50,1.50
2011.09.22 05:47:13.569,1.39692,1.39732,1.75,1.50
2011.09.22 05:47:14.303,1.39689,1.39732,2.13,1.50
2011.09.22 05:47:14.663,1.39693,1.39732,1.13,1.50
2011.09.22 05:47:15.856,1.39698,1.39739,1.13,1.50
2011.09.22 05:47:16.219,1.397,1.39745,1.68,1.50
2011.09.22 05:47:17.919,1.397,1.39745,1.68,1.50
2011.09.22 05:47:19.067,1.397,1.39747,1.68,1.50
2011.09.22 05:47:19.543,1.397,1.39745,1.68,1.50
2011.09.22 05:47:19.989,1.397,1.39745,1.68,1.50
2011.09.22 05:47:20.111,1.39695,1.39738,1.43,1.50
2011.09.22 05:47:20.678,1.39695,1.39738,1.43,1.50
2011.09.22 05:47:21.149,1.39695,1.39738,1.43,1.50
2011.09.22 05:47:21.818,1.39697,1.39738,1.50,1.50
2011.09.22 05:47:22.422,1.39696,1.39741,1.88,1.50
2011.09.22 05:47:22.761,1.39707,1.39747,1.50,1.50
2011.09.22 05:47:23.121,1.39704,1.39747,2.43,1.50
2011.09.22 05:47:23.459,1.39704,1.39747,1.43,1.50
2011.09.22 05:47:24.038,1.39697,1.39742,1.68,1.50
2011.09.22 05:47:25.490,1.39691,1.39734,1.75,1.50
2011.09.22 05:47:26.675,1.3969,1.39734,1.50,1.50
2011.09.22 05:47:26.817,1.3969,1.39727,1.50,1.50
2011.09.22 05:47:26.946,1.3969,1.39733,2.18,1.50
2011.09.22 05:47:27.073,1.39694,1.39733,1.50,1.50
2011.09.22 05:47:27.207,1.3969,1.39733,1.43,1.50
2011.09.22 05:47:27.574,1.3969,1.39733,1.43,1.50
2011.09.22 05:47:27.708,1.39687,1.39726,1.75,1.50
2011.09.22 05:47:27.832,1.39689,1.39726,1.50,1.50
2011.09.22 05:47:27.954,1.39683,1.39726,1.68,1.50
2011.09.22 05:47:28.082,1.3968,1.39721,1.75,1.50
2011.09.22 05:47:28.551,1.39678,1.39718,1.38,1.50
2011.09.22 05:47:33.911,1.39677,1.39718,1.38,1.50
2011.09.22 05:47:35.972,1.39677,1.39718,1.38,1.50
2011.09.22 05:47:38.417,1.39672,1.39718,1.38,1.50
2011.09.22 05:47:43.050,1.39672,1.39709,1.38,1.50
2011.09.22 05:47:43.173,1.39672,1.39717,1.38,1.50
2011.09.22 05:47:45.999,1.39671,1.39714,1.43,1.50
2011.09.22 05:47:48.513,1.39671,1.39714,1.43,1.50
2011.09.22 05:47:48.640,1.39672,1.39714,1.50,1.50
2011.09.22 05:47:48.760,1.39672,1.39709,1.50,1.50
2011.09.22 05:47:48.879,1.39672,1.39708,1.50,1.50
2011.09.22 05:47:50.100,1.39668,1.39708,1.50,1.50
2011.09.22 05:47:50.438,1.39668,1.39708,1.50,1.50
2011.09.22 05:47:51.293,1.39668,1.39708,1.50,1.50
2011.09.22 05:47:52.889,1.3967,1.39712,1.13,1.50
2011.09.22 05:47:58.166,1.3967,1.39708,1.38,1.50
2011.09.22 05:48:00.130,1.3967,1.39708,1.88,1.50
2011.09.22 05:48:00.250,1.3967,1.39712,1.13,1.50
2011.09.22 05:48:05.429,1.39666,1.39713,1.75,1.50
2011.09.22 05:48:05.567,1.39666,1.39713,1.50,1.50
2011.09.22 05:48:05.923,1.39666,1.39709,1.50,1.50
2011.09.22 05:48:06.753,1.39666,1.39707,1.50,1.50
2011.09.22 05:48:08.532,1.39667,1.39718,1.38,1.50
2011.09.22 05:48:08.980,1.39673,1.39718,1.38,1.50
2011.09.22 05:48:10.470,1.39677,1.3972,1.38,1.50
2011.09.22 05:48:13.037,1.39669,1.3972,2.13,1.50
2011.09.22 05:48:13.272,1.39669,1.3972,2.13,1.50
2011.09.22 05:48:22.133,1.39669,1.39711,1.38,1.50
2011.09.22 05:48:24.376,1.39668,1.39709,1.38,1.50
2011.09.22 05:48:24.508,1.39668,1.3971,2.13,1.50
2011.09.22 05:48:25.080,1.3967,1.39716,1.50,1.50
2011.09.22 05:48:25.309,1.39672,1.3971,1.50,1.50
2011.09.22 05:48:25.795,1.39672,1.39716,1.50,1.50
2011.09.22 05:48:25.929,1.39672,1.3971,1.50,1.50
2011.09.22 05:48:26.530,1.39671,1.3971,1.50,1.50
2011.09.22 05:48:26.652,1.39671,1.39717,1.50,1.50
2011.09.22 05:48:27.369,1.39672,1.3971,1.50,1.50
2011.09.22 05:48:27.720,1.39671,1.39716,2.18,1.50
2011.09.22 05:48:27.958,1.39671,1.39717,2.18,1.50
2011.09.22 05:48:28.413,1.39672,1.39716,1.50,1.50
2011.09.22 05:48:28.652,1.39672,1.39716,1.50,1.50
2011.09.22 05:48:28.879,1.39671,1.39716,2.18,1.50
2011.09.22 05:48:29.120,1.39671,1.39716,1.43,1.50
2011.09.22 05:48:29.351,1.39671,1.39716,1.43,1.50
2011.09.22 05:48:30.099,1.39671,1.39716,1.43,1.50
2011.09.22 05:48:30.440,1.39671,1.39716,1.43,1.50
2011.09.22 05:48:31.000,1.39671,1.39716,1.43,1.50
2011.09.22 05:48:31.119,1.39671,1.39716,1.43,1.50
2011.09.22 05:48:31.819,1.39671,1.39716,1.43,1.50
2011.09.22 05:48:32.343,1.39671,1.39716,1.43,1.50
2011.09.22 05:48:33.035,1.39671,1.39716,1.43,1.50
2011.09.22 05:48:33.519,1.39668,1.3971,1.38,1.50
2011.09.22 05:48:33.982,1.39672,1.39717,1.43,1.50
2011.09.22 05:48:34.626,1.39672,1.39717,1.43,1.50
2011.09.22 05:48:34.753,1.39672,1.39717,1.43,1.50
2011.09.22 05:48:35.232,1.39672,1.39717,1.68,1.50
2011.09.22 05:48:35.860,1.39667,1.39711,1.13,1.50
2011.09.22 05:48:35.985,1.39671,1.39715,1.13,1.50
2011.09.22 05:48:36.112,1.39673,1.39716,1.43,1.50
2011.09.22 05:48:36.471,1.39673,1.39716,1.68,1.50
2011.09.22 05:48:36.823,1.3968,1.39725,1.43,1.50
2011.09.22 05:48:36.954,1.39686,1.39729,1.43,2.25
2011.09.22 05:48:37.905,1.39686,1.39727,1.43,1.50
2011.09.22 05:48:39.451,1.39686,1.39727,1.43,1.50
2011.09.22 05:48:39.803,1.39686,1.39729,1.43,1.50
2011.09.22 05:48:40.039,1.39686,1.39729,1.43,1.50
2011.09.22 05:48:40.839,1.39686,1.39733,1.43,2.25
2011.09.22 05:48:43.531,1.39692,1.39737,1.43,1.50
2011.09.22 05:48:43.893,1.39692,1.39735,1.43,1.50
2011.09.22 05:48:44.129,1.39692,1.39741,1.43,1.50
2011.09.22 05:48:45.149,1.39697,1.39742,1.68,1.50
2011.09.22 05:48:52.330,1.39697,1.39741,1.43,1.50
2011.09.22 05:48:52.453,1.39691,1.39739,1.68,1.50
2011.09.22 05:48:53.798,1.39691,1.39736,1.43,1.50
2011.09.22 05:48:53.924,1.39686,1.39732,1.68,1.50
2011.09.22 05:48:54.294,1.39708,1.39749,1.50,1.50
2011.09.22 05:48:54.783,1.39695,1.39743,1.43,1.50
2011.09.22 05:48:55.157,1.39689,1.39736,1.38,1.50
2011.09.22 05:48:55.521,1.39693,1.39738,1.43,1.50
2011.09.22 05:49:04.699,1.39693,1.3974,1.43,1.50
2011.09.22 05:49:07.219,1.39693,1.39738,1.43,1.50
2011.09.22 05:49:11.190,1.39693,1.39738,1.43,1.50
2011.09.22 05:49:12.208,1.397,1.39745,2.18,1.50
2011.09.22 05:49:12.569,1.397,1.39745,1.43,1.50
2011.09.22 05:49:12.691,1.397,1.39745,1.43,1.50
2011.09.22 05:49:13.286,1.397,1.39745,1.43,1.50
2011.09.22 05:49:13.581,1.39706,1.39751,1.43,1.50
2011.09.22 05:49:16.130,1.39706,1.39751,1.43,1.50
2011.09.22 05:49:17.299,1.39706,1.39749,1.43,1.50
2011.09.22 05:49:17.638,1.397,1.39745,1.43,1.50
2011.09.22 05:49:20.652,1.397,1.39745,1.43,1.50
2011.09.22 05:49:21.030,1.39697,1.39739,1.13,1.50
2011.09.22 05:49:21.270,1.397,1.39745,1.68,1.50
2011.09.22 05:49:21.870,1.397,1.39745,1.68,1.50
2011.09.22 05:49:26.525,1.397,1.39745,1.68,1.50
2011.09.22 05:49:26.868,1.397,1.39745,1.68,1.50
2011.09.22 05:49:29.773,1.397,1.39745,1.68,1.50
2011.09.22 05:49:31.179,1.397,1.39745,1.68,1.50
2011.09.22 05:49:35.425,1.397,1.39745,1.43,1.50
2011.09.22 05:49:38.348,1.39697,1.39739,1.38,1.50
2011.09.22 05:49:38.473,1.39695,1.39739,1.38,1.50
2011.09.22 05:49:39.718,1.39695,1.39739,1.38,1.50
2011.09.22 05:49:40.125,1.39695,1.39739,1.38,1.50
2011.09.22 05:49:41.632,1.39695,1.39739,1.38,1.50
2011.09.22 05:49:42.170,1.39694,1.39739,1.68,1.50
2011.09.22 05:49:42.536,1.39693,1.39731,1.50,1.50
2011.09.22 05:49:42.888,1.39689,1.39731,1.75,1.50
2011.09.22 05:49:53.092,1.39691,1.39731,1.50,1.50
2011.09.22 05:49:53.433,1.39693,1.39733,1.50,1.50
2011.09.22 05:49:53.681,1.39693,1.39737,1.50,1.50
2011.09.22 05:49:54.097,1.39699,1.39738,1.50,1.50
2011.09.22 05:49:54.230,1.39699,1.39742,2.18,1.50
2011.09.22 05:49:57.733,1.39699,1.39742,1.43,1.50
2011.09.22 05:50:01.928,1.39699,1.39742,1.43,1.50
2011.09.22 05:50:02.869,1.39689,1.39743,1.75,1.43
2011.09.22 05:50:02.997,1.39689,1.39738,1.75,1.43
2011.09.22 05:50:03.601,1.39688,1.39725,1.38,1.50
2011.09.22 05:50:04.194,1.39688,1.39738,1.38,1.43
2011.09.22 05:50:04.326,1.39689,1.39737,1.68,1.50
2011.09.22 05:50:04.681,1.39683,1.39737,1.68,1.50
2011.09.22 05:50:06.769,1.3969,1.39733,1.43,1.50
2011.09.22 05:50:06.997,1.3969,1.39733,1.43,1.50
2011.09.22 05:50:14.651,1.3969,1.39733,1.43,1.50
2011.09.22 05:50:15.471,1.3969,1.39733,1.43,1.50
2011.09.22 05:50:15.614,1.3969,1.39733,1.43,1.50
2011.09.22 05:50:23.316,1.3969,1.39733,1.43,1.50
2011.09.22 05:50:23.804,1.3969,1.39733,1.43,1.50
2011.09.22 05:50:24.396,1.3969,1.39733,1.43,1.50
2011.09.22 05:50:24.978,1.3969,1.39736,1.43,1.50
2011.09.22 05:50:28.891,1.3969,1.39733,1.43,1.50
2011.09.22 05:50:29.118,1.3969,1.39736,1.43,1.50
2011.09.22 05:50:30.562,1.3969,1.39733,1.43,1.50
2011.09.22 05:50:31.128,1.3969,1.39733,1.43,1.50
2011.09.22 05:50:31.247,1.39683,1.39729,1.43,1.50
2011.09.22 05:50:33.494,1.39683,1.39728,2.18,1.50
2011.09.22 05:50:33.978,1.39691,1.39734,1.43,1.50
2011.09.22 05:50:34.344,1.39697,1.39733,1.43,1.50
2011.09.22 05:50:34.594,1.3969,1.39735,1.43,1.50
2011.09.22 05:50:34.726,1.39692,1.39735,1.50,1.50
2011.09.22 05:50:35.328,1.39693,1.39735,1.50,1.50
2011.09.22 05:50:35.450,1.3969,1.39735,2.18,1.50
2011.09.22 05:50:35.571,1.3969,1.39735,1.43,1.50
2011.09.22 05:50:35.931,1.3969,1.39735,1.43,1.50
2011.09.22 05:50:36.288,1.3969,1.39735,1.43,1.50
2011.09.22 05:50:36.411,1.39683,1.39728,1.43,1.50
2011.09.22 05:50:37.199,1.39683,1.39728,1.43,1.50
2011.09.22 05:50:37.673,1.39683,1.39728,1.43,1.50
2011.09.22 05:50:37.807,1.39691,1.39736,1.43,1.50
2011.09.22 05:50:43.196,1.39685,1.39731,1.43,1.50
2011.09.22 05:50:43.871,1.39685,1.3973,1.43,1.50
2011.09.22 05:50:44.258,1.39685,1.3973,1.43,1.50
2011.09.22 05:50:44.620,1.39685,1.39732,1.43,1.50
2011.09.22 05:50:44.848,1.39685,1.3973,1.43,1.50
2011.09.22 05:50:45.788,1.39685,1.3973,1.43,1.50
2011.09.22 05:50:48.311,1.3968,1.39727,1.43,1.50
2011.09.22 05:50:48.432,1.39673,1.39727,1.43,1.50
2011.09.22 05:50:48.793,1.39676,1.39726,1.43,1.50
2011.09.22 05:50:49.164,1.3967,1.3972,1.43,1.50
2011.09.22 05:50:49.762,1.39672,1.39722,1.43,1.50
2011.09.22 05:50:50.693,1.39678,1.39723,1.43,1.50
2011.09.22 05:50:51.280,1.39678,1.39724,1.43,1.50
2011.09.22 05:50:53.000,1.39673,1.39724,1.50,2.25
2011.09.22 05:50:53.364,1.39645,1.39687,1.75,1.50
2011.09.22 05:50:53.887,1.39642,1.39695,1.43,1.50
2011.09.22 05:50:54.021,1.39646,1.39703,1.43,1.50
2011.09.22 05:50:58.860,1.39652,1.39699,1.43,1.50
2011.09.22 05:50:59.433,1.39652,1.39695,1.43,1.50
2011.09.22 05:50:59.568,1.39646,1.3969,1.50,1.50
2011.09.22 05:50:59.816,1.39646,1.39687,1.50,1.50
2011.09.22 05:51:01.601,1.39646,1.39696,1.43,1.50
2011.09.22 05:51:01.961,1.39653,1.39702,1.43,1.50
2011.09.22 05:51:09.619,1.39653,1.39698,1.43,1.50
2011.09.22 05:51:09.851,1.39653,1.397,1.43,1.50
2011.09.22 05:51:11.479,1.39653,1.39698,1.43,1.50
2011.09.22 05:51:13.113,1.39653,1.39698,1.43,1.50
2011.09.22 05:51:14.661,1.39653,1.39698,1.43,1.50
2011.09.22 05:51:16.639,1.39653,1.39701,1.43,1.50
2011.09.22 05:51:17.265,1.39653,1.39698,1.43,1.50
2011.09.22 05:51:18.861,1.39653,1.39698,1.43,1.50
2011.09.22 05:51:19.877,1.39647,1.39692,1.43,1.50
2011.09.22 05:51:20.122,1.39647,1.39694,1.43,1.50
2011.09.22 05:51:22.823,1.39642,1.39691,1.43,1.50
2011.09.22 05:51:28.229,1.39636,1.39689,1.43,1.50
2011.09.22 05:51:32.158,1.39642,1.39685,1.43,1.50
2011.09.22 05:51:32.513,1.39641,1.39679,1.50,1.50
2011.09.22 05:51:32.643,1.39637,1.39679,1.50,1.50
2011.09.22 05:51:33.196,1.39634,1.39679,1.43,1.50
2011.09.22 05:51:33.561,1.39631,1.39673,1.50,1.50
2011.09.22 05:51:33.792,1.39633,1.39673,1.50,1.50
2011.09.22 05:51:33.914,1.39634,1.39679,1.43,1.50
2011.09.22 05:51:34.042,1.39639,1.39679,1.50,1.50
2011.09.22 05:51:34.995,1.39647,1.39681,1.50,1.50
2011.09.22 05:51:35.683,1.39645,1.39684,1.50,1.50
2011.09.22 05:51:35.927,1.39647,1.39684,1.50,1.50
2011.09.22 05:51:36.532,1.39645,1.39684,1.50,1.50
2011.09.22 05:51:36.651,1.39647,1.39684,1.50,1.50
2011.09.22 05:51:37.009,1.39644,1.39684,1.50,1.50
2011.09.22 05:51:37.837,1.39641,1.39684,1.43,1.50
2011.09.22 05:51:38.420,1.39641,1.39684,1.43,1.50
2011.09.22 05:51:38.793,1.3964,1.39679,1.50,1.50
2011.09.22 05:51:38.922,1.39629,1.39668,1.50,1.50
2011.09.22 05:51:39.286,1.39644,1.39687,1.43,2.25
2011.09.22 05:51:40.010,1.3965,1.39692,1.43,1.50
2011.09.22 05:51:40.257,1.3965,1.39695,1.43,1.50
2011.09.22 05:51:42.855,1.39658,1.39701,1.43,1.50
2011.09.22 05:51:43.224,1.39664,1.39709,1.43,1.50
2011.09.22 05:51:43.352,1.39658,1.39706,1.43,1.50
2011.09.22 05:51:43.950,1.39653,1.39706,1.43,1.50
2011.09.22 05:51:45.163,1.39669,1.39712,1.43,1.50
2011.09.22 05:51:45.618,1.39667,1.39713,1.50,1.43
2011.09.22 05:51:45.984,1.39662,1.3971,1.43,1.50
2011.09.22 05:51:47.456,1.39668,1.39717,1.43,1.50
2011.09.22 05:51:47.809,1.39661,1.39717,1.43,2.25
2011.09.22 05:51:48.309,1.39667,1.39717,1.43,2.25
2011.09.22 05:51:49.931,1.39673,1.39718,1.43,1.50
2011.09.22 05:51:50.283,1.39668,1.39717,1.43,1.50
2011.09.22 05:51:50.652,1.39674,1.39723,1.43,1.50
2011.09.22 05:51:51.159,1.39672,1.39725,1.43,1.50
2011.09.22 05:51:51.522,1.39678,1.39725,1.43,1.50
2011.09.22 05:51:52.825,1.39684,1.39734,1.43,1.50
2011.09.22 05:51:53.192,1.3969,1.39734,1.43,1.50
2011.09.22 05:51:53.548,1.3969,1.39733,1.43,1.50
2011.09.22 05:51:53.670,1.3969,1.39733,1.43,1.50
2011.09.22 05:51:54.213,1.39684,1.39733,1.43,1.50
2011.09.22 05:51:54.574,1.39689,1.39733,1.43,1.50
2011.09.22 05:51:54.824,1.39684,1.39729,1.43,1.50
2011.09.22 05:51:59.132,1.39684,1.39727,1.43,1.50
2011.09.22 05:51:59.360,1.39684,1.39732,1.43,1.50
2011.09.22 05:52:09.533,1.39691,1.39732,1.43,1.50
2011.09.22 05:52:09.664,1.39686,1.39731,1.43,1.50
2011.09.22 05:52:09.793,1.39686,1.39732,1.43,1.50
2011.09.22 05:52:10.408,1.39687,1.39738,1.43,1.50
2011.09.22 05:52:10.538,1.39693,1.39738,1.43,1.50
2011.09.22 05:52:10.895,1.39688,1.39738,1.43,1.50
2011.09.22 05:52:15.672,1.39688,1.39731,1.43,1.50
2011.09.22 05:52:16.769,1.39688,1.39731,1.43,1.50
2011.09.22 05:52:16.999,1.39682,1.39725,1.43,1.50
2011.09.22 05:52:19.830,1.39662,1.39698,1.50,1.50
2011.09.22 05:52:19.955,1.39662,1.39703,1.50,1.50
2011.09.22 05:52:20.324,1.39659,1.39695,1.50,1.50
2011.09.22 05:52:20.570,1.39661,1.39702,1.50,1.50
2011.09.22 05:52:20.809,1.39663,1.39702,1.50,1.50
2011.09.22 05:52:20.928,1.39661,1.39702,1.50,1.50
2011.09.22 05:52:28.391,1.39659,1.39702,1.43,1.50
2011.09.22 05:52:28.631,1.39651,1.39694,1.43,1.50
2011.09.22 05:52:32.920,1.39649,1.39688,1.50,1.50
2011.09.22 05:52:35.905,1.39652,1.39688,1.50,1.50
2011.09.22 05:52:36.151,1.39656,1.3969,1.50,1.50
2011.09.22 05:52:38.710,1.39652,1.39688,1.50,1.50
2011.09.22 05:52:44.223,1.39651,1.39686,1.50,1.50
2011.09.22 05:52:44.341,1.39644,1.39683,1.50,1.50
2011.09.22 05:52:44.691,1.39644,1.39681,1.50,1.50
2011.09.22 05:52:45.042,1.39633,1.39672,1.50,1.50
2011.09.22 05:52:48.107,1.39634,1.3967,1.50,1.50
2011.09.22 05:52:49.229,1.39634,1.3967,1.50,1.50
2011.09.22 05:52:50.093,1.39635,1.3967,1.50,1.50
2011.09.22 05:52:50.269,1.39636,1.39672,1.50,1.50
2011.09.22 05:52:51.868,1.39637,1.39677,1.50,1.50
2011.09.22 05:52:53.271,1.39639,1.39677,1.50,1.50
2011.09.22 05:52:53.989,1.39638,1.39677,1.50,1.50
2011.09.22 05:52:54.599,1.39635,1.39677,2.25,1.50
2011.09.22 05:52:55.690,1.39634,1.39677,1.43,1.50
2011.09.22 05:52:56.660,1.39634,1.39677,1.43,1.50
2011.09.22 05:52:57.352,1.39634,1.39677,1.43,1.50
2011.09.22 05:52:57.582,1.39634,1.39677,1.43,1.50
2011.09.22 05:53:04.307,1.39635,1.39677,1.50,1.50
2011.09.22 05:53:04.558,1.39635,1.39677,1.50,1.50
2011.09.22 05:53:05.639,1.39637,1.39677,1.50,1.50
2011.09.22 05:53:06.910,1.39637,1.39677,1.50,1.50
2011.09.22 05:53:07.605,1.39637,1.39678,1.50,1.50
2011.09.22 05:53:07.730,1.39639,1.39687,1.43,1.50
2011.09.22 05:53:07.852,1.39646,1.39691,1.43,1.50
2011.09.22 05:53:10.979,1.39653,1.39696,1.43,1.50
2011.09.22 05:53:11.099,1.39653,1.39696,1.43,1.50
2011.09.22 05:53:11.331,1.39653,1.39696,1.43,1.50
2011.09.22 05:53:11.572,1.39647,1.3969,1.43,1.50
2011.09.22 05:53:15.369,1.39647,1.3969,1.43,1.50
2011.09.22 05:53:15.717,1.39647,1.3969,1.43,1.50
2011.09.22 05:53:19.750,1.39647,1.3969,1.43,1.50
2011.09.22 05:53:25.270,1.39652,1.39697,1.43,1.50
2011.09.22 05:53:30.463,1.39659,1.39697,1.50,1.50
2011.09.22 05:53:30.597,1.39679,1.39716,1.50,1.50
2011.09.22 05:53:31.641,1.39661,1.39722,1.50,1.50
2011.09.22 05:53:32.528,1.39676,1.3973,1.50,1.50
2011.09.22 05:53:32.775,1.39676,1.39731,1.50,1.50
2011.09.22 05:53:32.904,1.39682,1.39734,1.50,1.50
2011.09.22 05:53:33.035,1.39691,1.39736,1.43,1.50
2011.09.22 05:53:33.613,1.39691,1.39734,1.43,1.50
2011.09.22 05:53:33.742,1.39684,1.39729,1.43,1.50
2011.09.22 05:53:34.321,1.39678,1.39727,1.43,1.50
2011.09.22 05:53:35.159,1.39689,1.39731,1.50,1.50
2011.09.22 05:53:35.925,1.39692,1.39745,1.43,1.50
2011.09.22 05:53:37.475,1.39686,1.39742,1.43,1.43
2011.09.22 05:53:38.458,1.39691,1.39736,1.43,1.50
2011.09.22 05:53:38.701,1.39686,1.39729,1.43,1.50
2011.09.22 05:53:38.931,1.39686,1.39728,1.43,1.50
2011.09.22 05:53:39.531,1.39698,1.39729,1.50,1.50
2011.09.22 05:53:39.653,1.39693,1.39728,1.50,1.50
2011.09.22 05:53:39.770,1.3968,1.39727,1.43,1.50
2011.09.22 05:53:41.256,1.39686,1.39731,1.43,1.50
2011.09.22 05:53:41.382,1.39686,1.3974,1.43,1.50
2011.09.22 05:53:41.503,1.39692,1.3974,1.43,1.50
2011.09.22 05:53:42.660,1.39692,1.39737,1.43,1.50
2011.09.22 05:53:43.119,1.39686,1.39737,1.43,1.50
2011.09.22 05:53:43.948,1.39696,1.3974,1.50,1.50
2011.09.22 05:53:44.083,1.39706,1.39754,1.43,1.50
2011.09.22 05:53:45.531,1.39698,1.39741,1.43,1.50
2011.09.22 05:53:45.871,1.39689,1.39738,1.43,1.50
2011.09.22 05:53:46.113,1.39682,1.3974,1.43,1.43
2011.09.22 05:53:46.456,1.3969,1.39743,1.50,1.50
2011.09.22 05:53:47.744,1.39697,1.39743,1.43,1.50
2011.09.22 05:53:48.478,1.3969,1.39743,2.18,1.50
2011.09.22 05:53:50.952,1.3969,1.3973,1.43,1.50
2011.09.22 05:53:51.075,1.39677,1.39713,1.50,1.50
2011.09.22 05:53:51.794,1.39687,1.39728,1.50,1.50
2011.09.22 05:53:52.399,1.39691,1.3973,1.50,1.50
