2008.05.26 03:00:07.983,2.0318,2.0324,1.90,1.90
2008.05.26 03:00:12.809,2.0318,2.0324,4.80,1.90
2008.05.26 03:00:12.939,2.0319,2.0326,2.20,1.90
2008.05.26 03:00:13.957,2.0319,2.0326,1.90,1.90
2008.05.26 03:00:17.584,2.0318,2.0326,1.90,1.90
2008.05.26 03:00:17.749,2.0318,2.0325,1.90,1.90
2008.05.26 03:00:21.827,2.0318,2.0325,2.20,1.90
2008.05.26 03:00:42.919,2.0319,2.0326,2.20,1.90
2008.05.26 03:01:14.713,2.032,2.0326,1.90,1.90
2008.05.26 03:01:36.437,2.0319,2.0326,2.20,1.90
2008.05.26 03:01:41.867,2.0319,2.0326,1.90,1.90
2008.05.26 03:02:11.114,2.0319,2.0325,1.90,1.90
2008.05.26 03:02:11.224,2.0319,2.0326,1.90,1.90
2008.05.26 03:02:17.577,2.0319,2.0325,1.90,1.90
2008.05.26 03:02:26.108,2.032,2.0325,1.90,1.90
2008.05.26 03:02:26.239,2.032,2.0326,1.90,1.90
2008.05.26 03:02:26.498,2.0319,2.0326,1.90,1.90
2008.05.26 03:02:34.071,2.0317,2.0325,11.00,1.90
2008.05.26 03:02:34.210,2.0317,2.0325,3.80,1.90
2008.05.26 03:02:40.075,2.0317,2.0325,11.00,1.90
2008.05.26 03:02:45.031,2.032,2.0328,1.90,2.20
2008.05.26 03:02:45.146,2.032,2.0328,1.90,1.90
2008.05.26 03:02:45.748,2.0319,2.0328,1.90,1.90
2008.05.26 03:02:45.926,2.0319,2.0328,3.80,1.90
2008.05.26 03:02:46.363,2.0319,2.0328,1.90,1.90
2008.05.26 03:02:47.687,2.0319,2.0327,1.90,1.90
2008.05.26 03:02:48.058,2.0319,2.0328,1.90,1.90
2008.05.26 03:02:48.563,2.0318,2.0328,3.80,1.90
2008.05.26 03:02:48.880,2.0318,2.0328,1.90,1.90
2008.05.26 03:03:04.441,2.0318,2.0328,1.90,2.20
2008.05.26 03:03:17.574,2.0319,2.0328,1.90,2.20
2008.05.26 03:03:21.562,2.0317,2.0328,9.10,0.40
2008.05.26 03:03:21.618,2.0317,2.0328,1.90,0.40
2008.05.26 03:03:21.823,2.0317,2.0329,2.20,0.40
2008.05.26 03:04:05.663,2.0317,2.0329,9.40,7.50
2008.05.26 03:04:05.714,2.0317,2.0328,9.10,0.40
2008.05.26 03:04:05.779,2.0318,2.0328,1.90,0.40
2008.05.26 03:04:17.630,2.0319,2.0328,1.90,2.20
2008.05.26 03:04:35.728,2.0319,2.0328,1.90,1.90
2008.05.26 03:04:44.785,2.032,2.0328,1.90,1.90
2008.05.26 03:04:57.104,2.032,2.0328,1.90,9.10
2008.05.26 03:04:57.192,2.032,2.0326,1.90,0.40
2008.05.26 03:05:13.354,2.032,2.0328,1.90,1.90
2008.05.26 03:05:24.919,2.0318,2.0328,9.10,1.90
2008.05.26 03:05:25.062,2.0318,2.0328,1.90,1.90
2008.05.26 03:05:39.220,2.032,2.0328,0.40,1.90
2008.05.26 03:05:47.808,2.032,2.0328,2.20,1.90
2008.05.26 03:05:54.424,2.0321,2.0328,0.40,1.90
2008.05.26 03:06:03.533,2.0322,2.0328,1.90,1.90
2008.05.26 03:06:11.096,2.0321,2.0328,0.40,1.90
2008.05.26 03:06:17.769,2.0322,2.0328,1.90,1.90
2008.05.26 03:06:48.612,2.0322,2.0328,1.90,3.80
2008.05.26 03:07:05.909,2.0321,2.0328,2.20,3.80
2008.05.26 03:07:17.741,2.0321,2.0327,2.20,1.90
2008.05.26 03:07:18.177,2.0321,2.0327,0.40,1.90
2008.05.26 03:07:18.242,2.0319,2.0327,4.90,1.90
2008.05.26 03:07:18.307,2.0319,2.0327,2.20,1.90
2008.05.26 03:07:19.599,2.0319,2.0327,1.90,1.90
2008.05.26 03:07:29.162,2.0318,2.0326,4.80,1.90
2008.05.26 03:07:29.169,2.0319,2.0326,0.40,1.90
2008.05.26 03:07:34.810,2.032,2.0326,1.90,1.90
2008.05.26 03:07:37.505,2.032,2.0327,1.90,1.90
2008.05.26 03:07:52.076,2.0319,2.0328,0.40,1.90
2008.05.26 03:07:52.174,2.0318,2.0328,7.20,2.20
2008.05.26 03:07:52.248,2.0317,2.0328,0.40,2.20
2008.05.26 03:07:52.559,2.0317,2.0327,0.40,0.40
2008.05.26 03:08:23.702,2.0319,2.0328,0.40,9.10
2008.05.26 03:08:23.716,2.0319,2.0326,3.20,1.90
2008.05.26 03:08:31.482,2.0321,2.0327,1.90,1.90
2008.05.26 03:08:31.773,2.0321,2.0327,1.90,3.80
2008.05.26 03:08:32.062,2.0321,2.0327,1.90,1.90
2008.05.26 03:08:32.352,2.032,2.0326,1.90,1.90
2008.05.26 03:08:45.704,2.0319,2.0325,2.20,1.90
2008.05.26 03:09:00.164,2.0319,2.0325,2.20,3.80
2008.05.26 03:09:00.343,2.0319,2.0325,1.90,1.90
2008.05.26 03:09:06.968,2.0318,2.0324,1.90,1.90
2008.05.26 03:09:07.327,2.0317,2.0325,1.90,1.90
2008.05.26 03:09:07.685,2.0317,2.0325,3.80,1.90
2008.05.26 03:09:08.378,2.0317,2.0325,1.90,1.90
2008.05.26 03:09:08.507,2.0316,2.0325,1.90,1.90
2008.05.26 03:09:08.636,2.0314,2.0325,1.90,7.20
2008.05.26 03:09:10.584,2.0314,2.0325,3.80,9.10
2008.05.26 03:09:10.665,2.0315,2.0325,7.50,1.90
2008.05.26 03:09:10.710,2.0316,2.0325,2.80,1.90
2008.05.26 03:09:12.269,2.0317,2.0325,1.90,1.90
2008.05.26 03:09:15.603,2.0317,2.0324,1.90,1.90
2008.05.26 03:09:15.693,2.0317,2.0324,2.20,1.90
2008.05.26 03:09:15.715,2.0317,2.0324,5.10,1.90
2008.05.26 03:09:16.729,2.0318,2.0324,1.90,1.90
2008.05.26 03:10:07.967,2.0319,2.0325,1.90,1.90
2008.05.26 03:10:08.067,2.0319,2.0325,2.20,1.90
2008.05.26 03:10:38.076,2.0319,2.0325,0.40,1.90
2008.05.26 03:10:38.400,2.0317,2.0325,1.90,1.90
2008.05.26 03:10:40.302,2.0317,2.0324,1.90,1.90
2008.05.26 03:10:47.804,2.0316,2.0322,1.90,1.90
2008.05.26 03:10:48.780,2.0317,2.0323,1.90,1.90
2008.05.26 03:10:49.073,2.0316,2.0324,1.90,1.90
2008.05.26 03:10:49.322,2.0316,2.0324,1.90,2.20
2008.05.26 03:10:49.500,2.0316,2.0324,1.90,5.10
2008.05.26 03:10:49.618,2.0316,2.0322,1.90,1.90
2008.05.26 03:10:49.978,2.0314,2.0322,1.90,1.90
2008.05.26 03:10:50.313,2.0314,2.0323,1.90,12.00
2008.05.26 03:10:50.649,2.0314,2.0322,1.90,7.20
2008.05.26 03:10:50.780,2.0314,2.0324,1.90,9.10
2008.05.26 03:10:51.173,2.0314,2.0324,1.90,7.20
2008.05.26 03:10:53.854,2.0314,2.0324,1.90,9.10
2008.05.26 03:10:56.413,2.0315,2.0324,2.80,9.10
2008.05.26 03:10:56.693,2.0315,2.0324,2.80,1.90
2008.05.26 03:10:57.040,2.0315,2.0323,2.80,1.90
2008.05.26 03:10:57.135,2.0314,2.0323,4.80,1.90
2008.05.26 03:10:59.407,2.0315,2.0322,4.80,1.90
2008.05.26 03:10:59.452,2.0315,2.0322,5.10,1.90
2008.05.26 03:11:07.714,2.0316,2.0322,1.90,1.90
2008.05.26 03:11:28.764,2.0315,2.0321,2.20,1.90
2008.05.26 03:11:29.033,2.0314,2.0321,1.90,1.90
2008.05.26 03:11:29.629,2.0314,2.032,1.90,1.90
2008.05.26 03:11:31.769,2.0314,2.032,3.80,1.90
2008.05.26 03:11:32.194,2.0315,2.032,1.90,1.90
2008.05.26 03:11:32.444,2.0315,2.0321,1.90,1.90
2008.05.26 03:11:41.703,2.0315,2.0323,1.90,1.90
2008.05.26 03:11:43.168,2.0315,2.0323,4.80,1.90
2008.05.26 03:11:55.582,2.0315,2.0323,4.80,9.10
2008.05.26 03:11:55.689,2.0315,2.0323,1.90,9.10
2008.05.26 03:11:56.726,2.0315,2.0323,1.90,11.00
2008.05.26 03:11:57.438,2.0315,2.0323,1.90,3.80
2008.05.26 03:11:57.613,2.0315,2.0321,1.90,1.90
2008.05.26 03:11:57.788,2.0315,2.0323,1.90,1.90
2008.05.26 03:12:04.322,2.0316,2.0324,1.90,1.90
2008.05.26 03:12:04.517,2.0316,2.0325,1.90,1.90
2008.05.26 03:12:09.142,2.0317,2.0325,2.80,1.90
2008.05.26 03:12:10.474,2.0317,2.0327,4.80,9.10
2008.05.26 03:12:10.549,2.0317,2.0327,4.80,1.90
2008.05.26 03:12:15.603,2.0318,2.0327,1.90,1.90
2008.05.26 03:12:15.766,2.0318,2.0328,1.90,9.10
2008.05.26 03:12:21.504,2.0318,2.0327,1.90,1.90
2008.05.26 03:12:21.531,2.0318,2.0327,1.90,9.10
2008.05.26 03:12:21.666,2.0318,2.0326,1.90,7.20
2008.05.26 03:12:23.816,2.0318,2.0327,1.90,11.00
2008.05.26 03:12:24.006,2.0317,2.0325,1.90,1.90
2008.05.26 03:12:24.197,2.0318,2.0326,1.90,1.90
2008.05.26 03:12:24.577,2.0318,2.0327,1.90,3.80
2008.05.26 03:12:24.944,2.0318,2.0327,1.90,1.90
2008.05.26 03:12:29.091,2.0318,2.0326,1.90,7.20
2008.05.26 03:12:29.427,2.0318,2.0326,1.90,9.10
2008.05.26 03:12:29.997,2.0317,2.0325,1.90,1.90
2008.05.26 03:12:30.098,2.0317,2.0324,1.90,7.20
2008.05.26 03:12:30.412,2.0316,2.0324,1.90,7.20
2008.05.26 03:12:30.487,2.0316,2.0325,1.90,11.00
2008.05.26 03:12:30.562,2.0316,2.0323,1.90,1.90
2008.05.26 03:12:30.721,2.0316,2.0324,1.90,1.90
2008.05.26 03:12:31.129,2.0316,2.0324,4.80,1.90
2008.05.26 03:12:44.909,2.0317,2.0324,1.90,1.90
2008.05.26 03:12:45.650,2.0315,2.0324,2.20,1.90
2008.05.26 03:12:45.762,2.0315,2.0324,1.90,1.90
2008.05.26 03:12:46.202,2.0314,2.0325,0.40,7.20
2008.05.26 03:12:46.893,2.0313,2.0325,0.40,7.50
2008.05.26 03:12:50.025,2.0313,2.0325,0.40,0.40
2008.05.26 03:12:50.233,2.0313,2.0325,7.50,0.40
2008.05.26 03:12:50.280,2.0313,2.03265,7.50,0.20
2008.05.26 03:12:50.461,2.0313,2.0327,7.50,9.60
2008.05.26 03:12:51.029,2.0313,2.0327,7.50,7.60
2008.05.26 03:12:52.196,2.0316,2.0327,2.80,7.60
2008.05.26 03:12:52.242,2.0316,2.0327,2.80,7.30
2008.05.26 03:12:52.357,2.0316,2.0326,10.00,1.90
2008.05.26 03:12:52.416,2.0316,2.0326,7.20,1.90
2008.05.26 03:12:54.032,2.0315,2.0326,3.20,9.10
2008.05.26 03:12:56.035,2.0315,2.0326,3.20,12.00
2008.05.26 03:12:56.097,2.0315,2.0323,3.20,1.90
2008.05.26 03:12:56.132,2.0315,2.0323,3.20,9.10
2008.05.26 03:12:56.192,2.0315,2.0322,3.20,0.40
2008.05.26 03:12:56.242,2.0315,2.0322,0.40,0.40
2008.05.26 03:12:56.609,2.0315,2.0322,2.20,0.40
2008.05.26 03:12:57.076,2.0315,2.0322,0.40,1.90
2008.05.26 03:12:58.147,2.0315,2.0322,3.20,1.90
2008.05.26 03:12:58.263,2.0316,2.0324,1.90,1.90
2008.05.26 03:13:00.508,2.0316,2.0323,1.90,1.90
2008.05.26 03:13:12.029,2.0316,2.0324,1.90,1.90
2008.05.26 03:13:18.905,2.0317,2.0324,0.40,1.90
2008.05.26 03:13:20.327,2.0317,2.0322,0.40,1.90
2008.05.26 03:13:20.562,2.0317,2.0323,0.40,3.80
2008.05.26 03:13:22.582,2.0317,2.0323,2.20,1.90
2008.05.26 03:13:22.995,2.0317,2.0324,2.20,1.90
2008.05.26 03:13:32.702,2.0318,2.0324,1.90,1.90
2008.05.26 03:13:41.485,2.0317,2.0324,0.40,1.90
2008.05.26 03:13:41.521,2.0317,2.0324,0.40,2.20
2008.05.26 03:13:41.557,2.0317,2.0322,0.40,1.90
2008.05.26 03:13:42.054,2.0315,2.0322,2.20,1.90
2008.05.26 03:13:42.185,2.0315,2.0323,2.20,3.80
2008.05.26 03:13:43.256,2.0315,2.0322,2.20,1.90
2008.05.26 03:13:43.565,2.0315,2.0323,2.20,3.80
2008.05.26 03:13:43.680,2.0315,2.0323,5.10,1.90
2008.05.26 03:13:47.233,2.0315,2.0322,5.10,1.90
2008.05.26 03:13:47.438,2.0315,2.0322,2.20,1.90
2008.05.26 03:13:48.180,2.0315,2.0321,2.20,1.90
2008.05.26 03:13:49.507,2.0316,2.0322,1.90,1.90
2008.05.26 03:13:56.131,2.0315,2.0321,0.40,2.20
2008.05.26 03:13:56.190,2.0315,2.0321,0.40,11.40
2008.05.26 03:13:56.238,2.0313,2.0321,4.50,11.40
2008.05.26 03:13:56.258,2.0313,2.0321,4.50,4.20
2008.05.26 03:13:56.296,2.0313,2.0321,1.90,4.20
2008.05.26 03:13:56.481,2.0313,2.0321,4.80,1.90
2008.05.26 03:13:56.697,2.0314,2.0321,5.50,1.90
2008.05.26 03:13:56.708,2.0316,2.0321,0.40,1.90
2008.05.26 03:13:57.087,2.0316,2.0322,0.40,3.80
2008.05.26 03:13:57.434,2.0314,2.0322,1.90,3.80
2008.05.26 03:13:57.769,2.0314,2.0322,1.90,1.90
2008.05.26 03:14:06.238,2.0314,2.032,1.90,1.90
2008.05.26 03:14:10.583,2.0314,2.0322,1.90,1.90
2008.05.26 03:14:12.787,2.0314,2.0321,1.90,1.90
2008.05.26 03:14:12.824,2.0314,2.0322,1.90,1.90
2008.05.26 03:14:17.683,2.0314,2.0322,1.90,9.10
2008.05.26 03:14:17.906,2.0314,2.0321,1.90,1.90
2008.05.26 03:14:18.233,2.0314,2.0321,1.90,3.80
2008.05.26 03:14:18.515,2.0314,2.0321,1.90,1.90
2008.05.26 03:14:19.004,2.0314,2.0322,1.90,3.80
2008.05.26 03:14:19.250,2.0314,2.0322,1.90,1.90
2008.05.26 03:14:19.513,2.0315,2.0323,1.90,1.90
2008.05.26 03:14:26.174,2.0315,2.0323,4.80,1.90
2008.05.26 03:14:26.234,2.0317,2.0323,0.40,1.90
2008.05.26 03:14:26.466,2.0317,2.0324,0.40,1.90
2008.05.26 03:14:36.925,2.0317,2.0323,0.40,1.90
2008.05.26 03:14:37.135,2.0317,2.0324,0.40,1.90
2008.05.26 03:14:40.852,2.0318,2.0324,1.90,1.90
2008.05.26 03:14:53.166,2.0317,2.0324,2.20,1.90
2008.05.26 03:15:17.854,2.0318,2.0324,1.90,1.90
2008.05.26 03:15:35.798,2.0317,2.0324,2.20,1.90
2008.05.26 03:15:45.482,2.0317,2.0322,0.40,1.90
2008.05.26 03:15:45.609,2.0315,2.0322,3.80,1.90
2008.05.26 03:15:45.909,2.0315,2.0322,3.80,2.20
2008.05.26 03:15:46.451,2.0315,2.0322,3.80,1.90
2008.05.26 03:15:47.875,2.0315,2.0322,1.90,1.90
2008.05.26 03:15:47.996,2.0315,2.032,1.90,1.90
2008.05.26 03:15:50.835,2.0314,2.032,1.90,1.90
2008.05.26 03:16:03.989,2.0314,2.0319,1.90,1.90
2008.05.26 03:16:04.297,2.0312,2.0319,1.90,1.90
2008.05.26 03:16:10.109,2.0312,2.0319,4.80,1.90
2008.05.26 03:16:10.184,2.0312,2.0318,4.80,1.90
2008.05.26 03:16:11.292,2.0312,2.032,4.80,1.90
2008.05.26 03:16:14.763,2.0313,2.032,2.80,1.90
2008.05.26 03:16:14.890,2.0313,2.0319,5.10,1.90
2008.05.26 03:16:15.015,2.0313,2.032,5.10,1.90
2008.05.26 03:16:18.059,2.0314,2.032,1.90,1.90
2008.05.26 03:16:27.424,2.0315,2.0321,1.90,1.90
2008.05.26 03:16:27.517,2.0315,2.0321,2.20,1.90
2008.05.26 03:16:36.587,2.0315,2.0321,1.90,1.90
2008.05.26 03:16:36.683,2.0314,2.0321,0.40,1.90
2008.05.26 03:16:37.170,2.0314,2.0322,0.40,0.40
2008.05.26 03:16:37.465,2.0312,2.0322,0.40,0.40
2008.05.26 03:16:39.561,2.0312,2.0322,3.20,0.40
2008.05.26 03:16:39.670,2.0314,2.0321,0.40,1.90
2008.05.26 03:16:46.754,2.0313,2.0321,1.90,1.90
2008.05.26 03:16:48.405,2.0312,2.0321,9.40,1.90
2008.05.26 03:16:48.487,2.0312,2.0321,2.20,1.90
2008.05.26 03:16:49.144,2.0312,2.032,5.10,1.90
2008.05.26 03:16:55.663,2.0313,2.032,1.90,1.90
2008.05.26 03:16:55.803,2.0313,2.0321,1.90,1.90
2008.05.26 03:16:55.998,2.0314,2.0322,1.90,2.20
2008.05.26 03:16:56.260,2.0314,2.0322,1.90,1.90
2008.05.26 03:17:05.243,2.0313,2.0325,0.40,7.50
2008.05.26 03:17:05.919,2.0313,2.0325,0.40,10.40
2008.05.26 03:17:06.009,2.0313,2.0324,0.40,0.40
2008.05.26 03:17:06.672,2.0314,2.0325,3.20,7.50
2008.05.26 03:17:06.792,2.0314,2.0324,5.10,1.90
2008.05.26 03:17:15.726,2.0314,2.0325,0.40,10.40
2008.05.26 03:17:15.791,2.0314,2.0324,0.40,0.40
2008.05.26 03:17:18.686,2.0314,2.0324,2.20,0.40
2008.05.26 03:17:18.796,2.0314,2.0324,2.20,2.20
2008.05.26 03:17:32.616,2.0315,2.0324,1.90,2.20
2008.05.26 03:18:14.897,2.0315,2.03235,1.90,0.20
2008.05.26 03:19:24.362,2.0315,2.0324,1.90,1.90
2008.05.26 03:19:24.539,2.0315,2.0325,1.90,2.00
2008.05.26 03:19:37.188,2.0315,2.0325,9.10,2.00
2008.05.26 03:19:37.392,2.0315,2.0325,12.00,2.00
2008.05.26 03:19:37.432,2.0316,2.0325,0.40,2.00
2008.05.26 03:19:48.068,2.0316,2.0325,2.20,2.00
2008.05.26 03:20:07.584,2.0316,2.0325,2.20,1.90
2008.05.26 03:20:15.661,2.0316,2.0325,5.10,1.90
2008.05.26 03:20:17.194,2.0316,2.0325,2.20,1.90
2008.05.26 03:20:18.137,2.0317,2.0325,1.90,1.90
2008.05.26 03:21:03.296,2.03129,2.03189,1.00,0.90
2008.05.26 03:21:03.377,2.03127,2.03187,0.90,0.90
2008.05.26 03:21:06.869,2.03121,2.03201,1.00,3.00
2008.05.26 03:21:07.760,2.03131,2.03211,0.90,0.90
2008.05.26 03:21:35.410,2.03145,2.03205,1.00,3.00
2008.05.26 03:21:35.803,2.0314,2.032,1.00,1.00
2008.05.26 03:21:37.311,2.03126,2.03206,2.80,2.80
2008.05.26 03:21:50.132,2.03133,2.03193,1.00,0.90
2008.05.26 03:21:50.259,2.03127,2.03197,1.00,3.00
2008.05.26 03:22:45.071,2.0318,2.0326,1.90,1.90
2008.05.26 03:22:46.374,2.0318,2.0327,1.90,2.20
2008.05.26 03:22:46.544,2.0318,2.0327,1.90,1.90
2008.05.26 03:23:30.514,2.0318,2.0328,1.90,9.10
2008.05.26 03:23:43.273,2.0318,2.0328,1.90,1.90
2008.05.26 03:23:48.279,2.0319,2.0328,1.90,1.90
2008.05.26 03:23:58.272,2.0318,2.0328,1.90,1.90
2008.05.26 03:23:58.441,2.0318,2.0328,1.90,9.10
2008.05.26 03:23:59.626,2.0318,2.0328,1.90,11.00
2008.05.26 03:24:00.764,2.0318,2.0328,1.90,9.10
2008.05.26 03:24:17.146,2.0318,2.0327,1.90,0.40
2008.05.26 03:24:17.180,2.0318,2.0327,1.90,3.20
2008.05.26 03:24:17.429,2.0318,2.0327,1.90,10.40
2008.05.26 03:24:32.664,2.0318,2.0326,1.90,1.90
2008.05.26 03:25:17.167,2.0316,2.0325,2.20,4.80
2008.05.26 03:25:17.277,2.0316,2.0324,2.20,7.20
2008.05.26 03:25:17.409,2.0316,2.0322,2.20,1.90
2008.05.26 03:25:17.910,2.0316,2.0323,2.20,1.90
2008.05.26 03:25:18.696,2.0316,2.0323,5.10,1.90
2008.05.26 03:25:19.890,2.0317,2.0323,1.90,1.90
2008.05.26 03:25:20.081,2.0317,2.0325,1.90,1.90
2008.05.26 03:25:28.504,2.0317,2.0324,1.90,7.20
2008.05.26 03:25:28.737,2.0317,2.0322,1.90,1.90
2008.05.26 03:25:28.793,2.0316,2.0322,2.20,1.90
2008.05.26 03:25:29.335,2.0316,2.0323,2.20,1.90
2008.05.26 03:25:30.392,2.0316,2.0323,5.10,1.90
2008.05.26 03:25:30.734,2.0317,2.0325,1.90,1.90
2008.05.26 03:25:31.644,2.0317,2.0326,2.20,1.90
2008.05.26 03:25:32.197,2.0317,2.0327,3.20,1.90
2008.05.26 03:25:32.947,2.0317,2.0328,3.20,9.40
2008.05.26 03:25:33.748,2.0317,2.0327,3.20,1.90
2008.05.26 03:25:35.425,2.0317,2.0328,3.20,9.40
2008.05.26 03:26:00.173,2.0317,2.0328,0.40,9.40
2008.05.26 03:26:00.232,2.0317,2.0326,2.20,1.90
2008.05.26 03:26:00.287,2.0317,2.0326,2.20,9.10
2008.05.26 03:26:02.069,2.0317,2.0325,2.20,1.90
2008.05.26 03:26:07.262,2.0317,2.0325,5.10,1.90
2008.05.26 03:26:07.358,2.0317,2.0327,3.20,1.90
2008.05.26 03:27:39.832,2.0318,2.0326,2.80,1.90
2008.05.26 03:27:39.933,2.0318,2.0326,3.20,1.90
2008.05.26 03:27:48.324,2.0319,2.0326,1.90,1.90
2008.05.26 03:27:52.639,2.0319,2.0326,4.80,1.90
2008.05.26 03:28:46.514,2.0319,2.0326,1.90,1.90
2008.05.26 03:28:46.584,2.0318,2.0327,0.40,1.90
2008.05.26 03:28:47.066,2.0317,2.0327,0.40,1.90
2008.05.26 03:28:49.356,2.0315,2.0327,0.40,9.10
2008.05.26 03:29:07.903,2.0314,2.0324,3.20,0.40
2008.05.26 03:29:07.944,2.0314,2.0324,0.40,0.40
2008.05.26 03:30:03.902,2.0314,2.0324,3.20,0.40
2008.05.26 03:30:04.013,2.0315,2.0327,0.40,9.10
2008.05.26 03:30:30.018,2.0315,2.0327,0.40,7.20
2008.05.26 03:30:36.645,2.0315,2.0328,0.40,9.40
2008.05.26 03:30:41.371,2.0315,2.0326,1.90,7.50
2008.05.26 03:30:45.744,2.0315,2.0325,1.90,1.90
2008.05.26 03:30:45.882,2.0315,2.0325,1.90,9.10
2008.05.26 03:30:48.479,2.0315,2.0324,1.90,1.90
2008.05.26 03:30:50.767,2.0315,2.0324,4.80,1.90
2008.05.26 03:30:54.388,2.0315,2.0324,1.90,1.90
2008.05.26 03:31:04.266,2.0316,2.0324,1.90,1.90
2008.05.26 03:31:20.306,2.0316,2.0326,2.80,7.20
2008.05.26 03:31:20.321,2.0316,2.0326,3.20,7.20
2008.05.26 03:31:20.336,2.0316,2.0327,10.40,1.90
2008.05.26 03:31:20.812,2.0317,2.0327,2.80,1.90
2008.05.26 03:31:20.848,2.0317,2.0327,10.00,1.90
2008.05.26 03:31:20.883,2.0318,2.0327,0.40,1.90
2008.05.26 03:31:21.055,2.0318,2.0328,0.40,1.90
2008.05.26 03:31:22.334,2.0318,2.0328,0.40,9.10
2008.05.26 03:31:22.389,2.0317,2.0328,1.90,9.10
2008.05.26 03:31:27.190,2.0317,2.0327,1.90,4.80
2008.05.26 03:31:27.234,2.0317,2.0327,1.90,5.10
2008.05.26 03:31:27.278,2.0317,2.0327,1.90,12.30
2008.05.26 03:31:29.234,2.0317,2.0327,1.90,1.90
2008.05.26 03:31:32.928,2.0316,2.0328,7.50,9.10
2008.05.26 03:31:33.000,2.0316,2.0328,0.40,9.10
2008.05.26 03:31:33.418,2.0315,2.0328,0.40,9.10
2008.05.26 03:31:33.743,2.0315,2.0328,0.40,9.40
2008.05.26 03:32:14.237,2.0315,2.0328,0.40,7.50
2008.05.26 03:32:21.596,2.0315,2.0327,0.40,7.20
2008.05.26 03:32:22.331,2.0315,2.0328,0.40,7.50
2008.05.26 03:32:24.008,2.0315,2.0327,0.40,7.20
2008.05.26 03:32:24.496,2.0315,2.0328,0.40,7.50
2008.05.26 03:32:26.246,2.0315,2.0327,0.40,7.20
2008.05.26 03:32:38.421,2.0316,2.0327,0.40,7.20
2008.05.26 03:32:38.446,2.0316,2.0326,3.20,1.90
2008.05.26 03:32:41.116,2.0316,2.0325,3.20,1.90
2008.05.26 03:32:41.209,2.0317,2.0326,1.90,1.90
2008.05.26 03:33:16.032,2.0317,2.0327,1.90,1.90
2008.05.26 03:33:35.865,2.0317,2.0327,1.90,9.10
2008.05.26 03:33:47.510,2.0317,2.0327,1.90,1.90
2008.05.26 03:34:20.855,2.0317,2.0327,1.90,9.10
2008.05.26 03:34:21.247,2.0317,2.0327,1.90,1.90
2008.05.26 03:35:32.006,2.0317,2.0327,1.90,9.10
2008.05.26 03:35:54.327,2.0315,2.0327,0.40,7.20
2008.05.26 03:35:57.415,2.0315,2.0324,1.90,7.20
2008.05.26 03:36:05.843,2.0316,2.0323,2.80,1.90
2008.05.26 03:36:11.331,2.0316,2.0323,4.80,1.90
2008.05.26 03:37:16.087,2.03154,2.03184,0.20,2.00
2008.05.26 03:37:17.557,2.03157,2.03182,0.20,1.90
2008.05.26 03:37:17.691,2.03153,2.03188,0.20,1.90
2008.05.26 03:37:18.390,2.03151,2.03191,0.20,1.90
2008.05.26 03:37:18.505,2.03157,2.03187,0.20,2.00
2008.05.26 03:37:22.624,2.03151,2.03191,0.20,2.00
2008.05.26 03:37:23.145,2.03156,2.03191,0.20,0.20
2008.05.26 03:37:23.175,2.03158,2.03193,0.20,2.00
2008.05.26 03:37:23.359,2.03156,2.03196,0.20,0.20
2008.05.26 03:37:23.445,2.03154,2.03194,0.20,0.20
2008.05.26 03:37:23.767,2.03154,2.03189,0.20,1.90
2008.05.26 03:37:48.268,2.03147,2.03187,0.20,1.90
2008.05.26 03:37:49.786,2.03146,2.03186,0.20,2.00
2008.05.26 03:37:54.802,2.03149,2.03184,0.20,1.90
2008.05.26 03:37:54.950,2.03146,2.03186,0.20,2.00
2008.05.26 03:37:55.238,2.03144,2.03184,0.20,1.90
2008.05.26 03:37:57.800,2.03142,2.03177,0.20,0.20
2008.05.26 03:37:58.300,2.03136,2.03176,0.20,1.90
2008.05.26 03:38:26.495,2.0316,2.0323,1.90,1.90
2008.05.26 03:38:35.777,2.0316,2.0323,4.80,1.90
2008.05.26 03:38:37.363,2.0316,2.0323,1.90,1.90
2008.05.26 03:39:16.921,2.0316,2.0323,4.80,1.90
2008.05.26 03:40:08.117,2.0316,2.0323,1.90,1.90
2008.05.26 03:40:28.044,2.0318,2.0324,0.40,1.90
2008.05.26 03:40:28.456,2.0318,2.0324,0.40,4.80
2008.05.26 03:40:28.652,2.0316,2.0324,1.90,4.80
2008.05.26 03:40:29.042,2.0316,2.0322,1.90,2.80
2008.05.26 03:40:29.491,2.0316,2.0324,1.90,4.80
2008.05.26 03:40:29.611,2.0316,2.0323,1.90,1.90
2008.05.26 03:40:31.271,2.0318,2.0324,0.40,1.90
2008.05.26 03:40:34.220,2.0318,2.0324,2.20,1.90
2008.05.26 03:40:38.265,2.0318,2.0324,0.40,1.90
2008.05.26 03:40:38.385,2.0316,2.0324,4.80,1.90
2008.05.26 03:40:48.579,2.0316,2.0323,4.80,1.90
2008.05.26 03:41:33.854,2.03125,2.03165,0.20,0.20
2008.05.26 03:41:35.588,2.03131,2.03171,0.20,1.90
2008.05.26 03:41:36.521,2.03136,2.03176,0.20,2.40
2008.05.26 03:41:37.693,2.03144,2.03174,0.20,2.00
2008.05.26 03:41:38.053,2.03139,2.03179,0.20,0.20
2008.05.26 03:41:38.119,2.03144,2.03174,0.20,2.40
2008.05.26 03:41:46.875,2.03141,2.03181,0.20,0.20
2008.05.26 03:41:55.437,2.03148,2.03188,0.20,0.20
2008.05.26 03:41:59.348,2.03153,2.03193,0.20,0.20
2008.05.26 03:42:02.289,2.03117,2.03157,0.20,0.20
2008.05.26 03:42:02.498,2.03124,2.03164,0.20,0.20
2008.05.26 03:42:05.931,2.03129,2.03169,0.20,1.90
2008.05.26 03:42:31.484,2.03137,2.03167,0.20,2.00
2008.05.26 03:42:33.802,2.03132,2.03172,0.20,0.20
2008.05.26 03:42:34.346,2.03132,2.03162,0.20,0.20
2008.05.26 03:42:52.809,2.03124,2.03164,0.20,1.90
2008.05.26 03:42:54.511,2.03125,2.03165,0.20,0.20
2008.05.26 03:42:56.741,2.03133,2.03173,0.20,0.20
2008.05.26 03:42:56.922,2.03146,2.03181,0.20,2.00
2008.05.26 03:42:59.028,2.03154,2.03189,0.20,2.00
2008.05.26 03:43:04.098,2.03167,2.03193,0.20,0.20
2008.05.26 03:43:07.931,2.03163,2.03198,0.20,0.20
2008.05.26 03:43:08.461,2.0316,2.032,0.20,0.20
2008.05.26 03:43:21.020,2.0316,2.032,0.20,1.90
2008.05.26 03:43:29.823,2.0316,2.032,0.20,0.20
2008.05.26 03:43:30.041,2.0316,2.032,0.20,0.20
2008.05.26 03:43:30.843,2.0316,2.032,0.20,0.20
2008.05.26 03:43:32.361,2.0316,2.032,0.20,2.40
2008.05.26 03:43:32.531,2.0316,2.032,0.20,0.20
2008.05.26 03:43:58.132,2.0316,2.032,0.20,0.60
2008.05.26 03:43:58.760,2.0316,2.032,0.20,0.20
2008.05.26 03:44:01.568,2.03125,2.03165,0.20,0.20
2008.05.26 03:44:02.692,2.03131,2.03171,0.20,0.20
2008.05.26 03:44:02.829,2.03136,2.03176,0.20,0.20
2008.05.26 03:44:03.516,2.03142,2.03182,0.20,0.20
2008.05.26 03:44:03.947,2.03146,2.03186,0.20,1.90
2008.05.26 03:44:05.141,2.03149,2.03184,0.20,0.20
2008.05.26 03:44:06.029,2.03148,2.03188,0.20,0.60
2008.05.26 03:44:06.404,2.03148,2.03188,0.20,0.20
2008.05.26 03:44:06.709,2.03146,2.03186,0.40,0.20
2008.05.26 03:44:06.753,2.03144,2.03184,0.20,2.40
2008.05.26 03:44:33.054,2.03142,2.03182,0.20,1.90
2008.05.26 03:44:33.219,2.03145,2.0318,0.20,0.20
2008.05.26 03:44:33.523,2.03143,2.03183,0.20,0.20
2008.05.26 03:44:35.911,2.03143,2.03183,0.20,0.20
2008.05.26 03:44:36.571,2.03143,2.03178,0.20,0.20
2008.05.26 03:44:36.761,2.03136,2.03176,0.20,2.00
2008.05.26 03:44:36.856,2.03134,2.03169,0.20,0.20
2008.05.26 03:44:37.681,2.03129,2.03169,0.20,0.20
2008.05.26 03:44:38.332,2.03132,2.03167,0.20,0.20
2008.05.26 03:44:38.462,2.03133,2.03173,0.20,1.90
2008.05.26 03:44:39.348,2.03134,2.03174,0.20,1.90
2008.05.26 03:44:39.772,2.0314,2.03175,0.20,0.20
2008.05.26 03:44:44.117,2.03146,2.03186,0.20,0.20
2008.05.26 03:44:47.540,2.03152,2.03192,0.20,2.00
2008.05.26 03:45:22.577,2.0316,2.0324,4.80,1.90
2008.05.26 03:45:54.065,2.0316,2.0324,12.00,1.90
2008.05.26 03:45:54.214,2.0318,2.0325,0.40,1.90
2008.05.26 03:46:02.045,2.0316,2.0325,9.10,1.90
2008.05.26 03:46:02.106,2.0316,2.0325,1.90,1.90
2008.05.26 03:46:11.447,2.0316,2.0324,1.90,1.90
2008.05.26 03:47:27.539,2.0316,2.0326,1.90,9.10
2008.05.26 03:47:27.593,2.0316,2.0326,1.90,1.90
2008.05.26 03:47:35.785,2.0316,2.0327,1.90,9.10
2008.05.26 03:47:36.230,2.0315,2.0327,9.10,9.10
2008.05.26 03:47:36.405,2.0315,2.0326,1.90,7.20
2008.05.26 03:48:35.386,2.0316,2.0327,7.20,1.90
2008.05.26 03:48:36.136,2.0315,2.0326,1.90,7.20
2008.05.26 03:48:39.296,2.0316,2.0327,7.20,1.90
2008.05.26 03:48:46.985,2.0315,2.0326,1.90,7.20
2008.05.26 03:48:51.946,2.0316,2.0327,7.20,1.90
2008.05.26 03:49:11.456,2.0316,2.0327,9.10,1.90
2008.05.26 03:49:11.549,2.0316,2.0326,1.90,7.20
2008.05.26 03:49:18.972,2.0316,2.0326,1.90,9.10
2008.05.26 03:49:28.480,2.0316,2.0326,1.90,1.90
2008.05.26 03:49:33.981,2.0316,2.0326,1.90,2.20
2008.05.26 03:49:36.797,2.0315,2.0326,9.10,0.40
2008.05.26 03:49:36.945,2.0316,2.0326,1.90,2.20
2008.05.26 03:49:37.417,2.0315,2.0326,7.20,2.20
2008.05.26 03:49:37.575,2.0315,2.0327,7.50,9.10
2008.05.26 03:49:37.655,2.0315,2.0327,0.40,1.90
2008.05.26 03:49:38.714,2.0316,2.0327,1.90,1.90
2008.05.26 03:50:12.334,2.0315,2.0327,7.50,1.90
2008.05.26 03:50:23.837,2.0316,2.0327,1.90,1.90
2008.05.26 03:50:29.319,2.0316,2.0327,9.10,1.90
2008.05.26 03:50:29.994,2.0317,2.0327,1.90,1.90
2008.05.26 03:50:34.029,2.0317,2.0327,3.80,1.90
2008.05.26 03:50:34.174,2.0317,2.0327,11.00,1.90
2008.05.26 03:50:34.376,2.0318,2.0328,1.90,3.80
2008.05.26 03:50:39.788,2.0318,2.0328,1.90,1.90
2008.05.26 03:50:41.410,2.0319,2.0329,1.90,0.40
2008.05.26 03:50:43.456,2.032,2.033,0.40,0.40
2008.05.26 03:51:00.220,2.0319,2.0329,4.80,0.40
2008.05.26 03:51:00.254,2.0319,2.0329,1.90,0.40
2008.05.26 03:51:16.256,2.0319,2.0331,1.90,3.00
2008.05.26 03:51:16.346,2.0319,2.0331,1.90,0.40
2008.05.26 03:51:23.808,2.0319,2.0331,9.10,0.40
2008.05.26 03:51:30.662,2.0319,2.0331,9.40,0.40
2008.05.26 03:51:30.959,2.0319,2.0331,12.30,0.40
2008.05.26 03:51:31.214,2.0321,2.0331,7.50,0.40
2008.05.26 03:51:31.468,2.0321,2.0331,7.20,0.40
2008.05.26 03:51:31.723,2.0325,2.0331,1.90,0.40
2008.05.26 03:51:32.237,2.0322,2.0331,1.90,0.40
2008.05.26 03:51:32.645,2.0323,2.0331,1.90,0.40
2008.05.26 03:51:38.097,2.0321,2.0331,1.90,0.40
2008.05.26 03:51:42.400,2.0321,2.0331,9.40,0.40
2008.05.26 03:51:42.625,2.0322,2.0331,1.90,0.40
2008.05.26 03:51:42.911,2.0323,2.0331,1.90,0.40
2008.05.26 03:51:47.587,2.0321,2.0331,1.90,0.40
2008.05.26 03:51:47.949,2.0319,2.0331,9.40,0.40
2008.05.26 03:51:52.520,2.0321,2.0331,7.50,0.40
2008.05.26 03:51:52.979,2.0322,2.0331,1.90,0.40
2008.05.26 03:51:53.668,2.0323,2.0331,1.90,0.40
2008.05.26 03:51:55.088,2.0321,2.0331,1.90,0.40
2008.05.26 03:52:00.425,2.0321,2.0331,9.40,0.40
2008.05.26 03:52:00.577,2.0322,2.0332,0.40,0.40
2008.05.26 03:52:00.720,2.0324,2.0332,1.90,0.40
2008.05.26 03:52:06.140,2.0325,2.0332,1.90,0.40
2008.05.26 03:52:06.548,2.0325,2.0336,1.90,7.20
2008.05.26 03:52:07.763,2.0322,2.0336,9.10,7.20
2008.05.26 03:52:09.700,2.0322,2.0335,1.90,7.20
2008.05.26 03:52:11.352,2.0322,2.0334,1.90,7.20
2008.05.26 03:52:11.650,2.032,2.0334,7.20,7.20
2008.05.26 03:52:12.226,2.0319,2.0333,9.10,7.20
2008.05.26 03:52:14.202,2.0319,2.0333,9.40,7.20
2008.05.26 03:52:18.274,2.0321,2.0335,7.20,7.20
2008.05.26 03:52:19.116,2.0321,2.0335,9.10,7.20
2008.05.26 03:52:24.207,2.0321,2.0335,9.40,7.20
2008.05.26 03:52:25.759,2.0322,2.0336,7.20,9.10
2008.05.26 03:52:30.056,2.0321,2.0335,9.40,7.20
2008.05.26 03:52:44.084,2.0321,2.0334,2.20,7.20
2008.05.26 03:52:45.454,2.0321,2.0335,9.40,7.20
2008.05.26 03:52:49.153,2.0321,2.0335,7.50,7.20
2008.05.26 03:52:52.505,2.0321,2.0334,0.40,7.20
2008.05.26 03:53:09.641,2.0321,2.0333,0.40,1.90
2008.05.26 03:54:00.427,2.03208,2.03248,0.20,0.20
2008.05.26 03:54:00.928,2.03212,2.03237,0.20,0.20
2008.05.26 03:54:01.199,2.032,2.0324,0.20,0.20
2008.05.26 03:54:13.848,2.03197,2.03237,0.20,0.20
2008.05.26 03:54:19.720,2.03198,2.03238,0.20,0.20
2008.05.26 03:54:23.323,2.03199,2.03239,0.20,0.20
2008.05.26 03:54:23.818,2.032,2.0324,2.00,0.20
2008.05.26 03:54:25.148,2.03199,2.03239,0.20,0.20
2008.05.26 03:54:27.950,2.03203,2.03233,0.20,0.40
2008.05.26 03:54:28.296,2.03214,2.03224,0.20,0.20
2008.05.26 03:54:28.638,2.03197,2.03237,0.20,0.20
2008.05.26 03:54:28.885,2.03195,2.03235,0.20,0.20
2008.05.26 03:54:29.103,2.03193,2.03233,0.20,0.20
2008.05.26 03:54:29.199,2.03189,2.03229,0.20,0.20
2008.05.26 03:54:29.393,2.03187,2.03227,0.20,0.20
2008.05.26 03:54:29.582,2.03193,2.03233,0.20,0.20
2008.05.26 03:54:29.766,2.03197,2.03237,0.20,1.90
2008.05.26 03:54:29.954,2.03206,2.03231,0.20,0.20
2008.05.26 03:54:32.671,2.03199,2.03239,0.20,0.20
2008.05.26 03:54:32.757,2.03204,2.03239,0.20,0.20
2008.05.26 03:54:34.707,2.03203,2.03243,0.20,0.20
2008.05.26 03:54:35.453,2.03204,2.03244,0.20,0.20
2008.05.26 03:54:38.394,2.03205,2.03245,1.90,0.20
2008.05.26 03:54:38.946,2.03214,2.03244,0.20,0.20
2008.05.26 03:54:39.148,2.03216,2.03256,0.20,0.40
2008.05.26 03:54:39.350,2.03217,2.03257,0.20,2.20
2008.05.26 03:54:39.747,2.03208,2.03248,2.00,0.20
2008.05.26 03:54:39.953,2.03202,2.03237,0.20,0.20
2008.05.26 03:54:40.425,2.03196,2.03236,0.20,2.00
2008.05.26 03:54:45.334,2.03196,2.03236,0.20,0.20
2008.05.26 03:54:48.929,2.03198,2.03238,0.20,0.20
2008.05.26 03:54:49.249,2.032,2.0324,0.20,0.20
2008.05.26 03:54:49.420,2.03207,2.03237,0.20,0.20
2008.05.26 03:54:49.739,2.03206,2.03246,0.20,0.40
2008.05.26 03:54:49.763,2.03208,2.03248,0.20,0.20
2008.05.26 03:54:50.275,2.03208,2.03248,0.20,0.20
2008.05.26 03:54:50.423,2.03209,2.03244,2.00,0.20
2008.05.26 03:54:51.016,2.03205,2.03245,0.20,0.20
2008.05.26 03:54:53.460,2.03207,2.03247,0.20,0.20
2008.05.26 03:54:55.677,2.03212,2.03252,1.90,0.20
2008.05.26 03:54:59.393,2.03216,2.03256,0.20,0.20
2008.05.26 03:55:02.892,2.0321,2.0334,0.40,9.10
2008.05.26 03:55:04.764,2.0321,2.0333,0.40,7.20
2008.05.26 03:55:04.884,2.0321,2.0331,0.40,1.90
2008.05.26 03:55:12.202,2.0321,2.0331,3.20,1.90
2008.05.26 03:55:12.397,2.0323,2.0331,0.40,1.90
2008.05.26 03:55:36.414,2.0322,2.0331,0.40,1.90
2008.05.26 03:55:40.451,2.0321,2.0331,0.40,2.20
2008.05.26 03:55:58.214,2.0321,2.0331,0.40,1.90
2008.05.26 03:56:00.484,2.0321,2.0331,0.40,2.20
2008.05.26 03:56:01.018,2.0321,2.0331,0.40,1.90
2008.05.26 03:56:05.771,2.0321,2.033,2.20,1.90
2008.05.26 03:56:05.873,2.0321,2.033,1.90,9.10
2008.05.26 03:56:19.001,2.032,2.0328,2.20,1.90
2008.05.26 03:56:49.869,2.032,2.0328,0.40,1.90
2008.05.26 03:56:50.170,2.032,2.0328,0.40,2.20
2008.05.26 03:56:55.780,2.032,2.0328,0.40,1.90
2008.05.26 03:57:07.834,2.032,2.0327,0.40,9.10
2008.05.26 03:57:08.024,2.0317,2.0327,1.90,9.10
2008.05.26 03:57:08.302,2.0317,2.0325,1.90,7.50
2008.05.26 03:57:08.410,2.0315,2.0325,3.80,10.40
2008.05.26 03:57:08.598,2.0315,2.0325,1.90,10.40
2008.05.26 03:57:09.265,2.0315,2.0326,1.90,9.10
2008.05.26 03:57:09.924,2.0315,2.0326,4.80,9.10
2008.05.26 03:57:10.004,2.0316,2.0326,0.40,9.10
2008.05.26 03:57:10.120,2.0316,2.0326,0.40,1.90
2008.05.26 03:57:18.998,2.0317,2.0326,1.90,1.90
2008.05.26 03:57:26.598,2.0317,2.0326,1.90,9.10
2008.05.26 03:57:35.465,2.0317,2.0325,1.90,2.80
2008.05.26 03:57:35.506,2.0317,2.0325,1.90,3.20
2008.05.26 03:57:40.711,2.0317,2.0325,4.80,0.40
2008.05.26 03:57:40.863,2.0317,2.0326,4.80,9.10
2008.05.26 03:57:45.847,2.0317,2.0324,4.80,1.90
2008.05.26 03:57:53.633,2.0317,2.0324,1.90,1.90
2008.05.26 03:57:55.897,2.0317,2.0324,4.80,1.90
2008.05.26 03:57:58.187,2.0317,2.0324,1.90,1.90
2008.05.26 03:58:00.012,2.0317,2.0324,1.90,4.80
2008.05.26 03:58:02.051,2.0317,2.0324,1.90,1.90
2008.05.26 03:58:03.815,2.0317,2.0323,1.90,1.90
2008.05.26 03:58:04.069,2.0318,2.0325,1.90,1.90
2008.05.26 03:58:05.736,2.0317,2.0324,1.90,1.90
2008.05.26 03:58:06.005,2.0317,2.0324,2.20,1.90
2008.05.26 03:58:07.715,2.0318,2.0324,1.90,1.90
2008.05.26 03:58:07.910,2.0317,2.0323,2.20,1.90
2008.05.26 03:58:09.114,2.0317,2.0324,2.20,1.90
2008.05.26 03:58:10.727,2.0317,2.0324,1.90,1.90
2008.05.26 03:58:13.445,2.0316,2.0324,1.90,1.90
2008.05.26 03:58:35.559,2.0315,2.0324,1.90,1.90
2008.05.26 03:58:37.641,2.0315,2.0325,9.10,0.40
2008.05.26 03:58:37.836,2.0315,2.0327,9.10,9.10
2008.05.26 03:58:47.586,2.0315,2.0326,1.90,7.20
2008.05.26 03:58:48.799,2.0315,2.0325,1.90,7.20
2008.05.26 03:58:50.991,2.0315,2.0326,2.80,7.50
2008.05.26 03:58:51.085,2.0316,2.0326,7.20,0.40
2008.05.26 03:58:51.223,2.0318,2.0326,0.40,0.40
2008.05.26 03:58:51.791,2.0317,2.0326,1.90,0.40
2008.05.26 03:58:51.862,2.0316,2.0326,0.40,0.40
2008.05.26 03:58:51.946,2.0316,2.0326,0.40,7.50
2008.05.26 03:58:52.433,2.0315,2.0326,1.90,7.50
2008.05.26 03:58:54.318,2.0315,2.0327,9.10,1.90
2008.05.26 03:58:54.590,2.0315,2.0327,9.10,9.10
2008.05.26 03:58:56.661,2.0315,2.0326,9.10,1.90
2008.05.26 03:58:56.984,2.0315,2.0327,7.20,7.20
2008.05.26 03:58:57.066,2.0315,2.0327,9.10,7.20
2008.05.26 03:59:19.001,2.0315,2.0327,9.10,9.10
2008.05.26 03:59:23.814,2.0316,2.0327,1.90,9.10
2008.05.26 03:59:38.277,2.0316,2.0326,1.90,7.20
2008.05.26 03:59:38.775,2.0315,2.0326,3.80,7.20
2008.05.26 03:59:48.563,2.0321,2.0327,1.90,1.90
