2018.03.07 23:00:00.077,1.31122,1.31167,1.50,1.37
2018.03.07 23:00:00.605,1.31122,1.31174,1.50,1.00
2018.03.07 23:00:00.656,1.31127,1.31166,1.00,1.00
2018.03.07 23:00:00.707,1.3112,1.31166,0.10,1.00
2018.03.07 23:00:00.862,1.3112,1.3116,0.10,1.00
2018.03.07 23:00:01.368,1.3112,1.31159,0.10,1.00
2018.03.07 23:00:01.679,1.3112,1.31148,0.10,1.00
2018.03.07 23:00:01.731,1.3112,1.3115,0.10,1.00
2018.03.07 23:00:02.128,1.3112,1.31148,0.10,1.00
2018.03.07 23:00:02.643,1.3112,1.31155,0.10,1.00
2018.03.07 23:00:02.695,1.3112,1.31157,0.10,1.00
2018.03.07 23:00:02.799,1.3112,1.31161,0.10,1.00
2018.03.07 23:00:02.851,1.3112,1.31165,0.10,1.50
2018.03.07 23:00:03.453,1.3112,1.31166,0.10,1.00
2018.03.07 23:00:03.621,1.3112,1.31163,0.10,1.00
2018.03.07 23:00:03.932,1.3112,1.31157,0.10,1.00
2018.03.07 23:00:03.984,1.3112,1.31161,0.10,1.00
2018.03.07 23:00:04.036,1.3112,1.31157,0.10,1.00
2018.03.07 23:00:04.139,1.3112,1.3116,0.10,1.87
2018.03.07 23:00:04.191,1.3112,1.31153,0.10,1.00
2018.03.07 23:00:04.529,1.3112,1.31158,0.10,1.15
2018.03.07 23:00:04.580,1.3112,1.3116,0.10,1.87
2018.03.07 23:00:04.632,1.3112,1.31155,0.10,1.00
2018.03.07 23:00:04.734,1.3112,1.31161,0.10,2.62
2018.03.07 23:00:04.989,1.3112,1.31162,0.10,1.87
2018.03.07 23:00:05.519,1.3112,1.31162,0.10,1.37
2018.03.07 23:00:07.558,1.3112,1.31153,0.10,1.37
2018.03.07 23:00:07.913,1.3112,1.31151,0.10,1.37
2018.03.07 23:00:08.445,1.3112,1.3116,0.10,1.00
2018.03.07 23:00:08.498,1.3112,1.31162,0.10,1.12
2018.03.07 23:00:10.258,1.3112,1.31166,0.10,1.37
2018.03.07 23:00:10.462,1.3112,1.31164,0.10,1.12
2018.03.07 23:00:10.934,1.3112,1.3116,0.10,1.00
2018.03.07 23:00:15.006,1.3112,1.31158,0.10,1.00
2018.03.07 23:00:15.163,1.3112,1.3116,0.10,1.00
2018.03.07 23:00:15.268,1.3112,1.31151,0.10,1.00
2018.03.07 23:00:16.060,1.3112,1.31152,0.10,1.00
2018.03.07 23:00:16.588,1.3112,1.31151,0.10,1.00
2018.03.07 23:00:17.133,1.3112,1.31152,0.10,1.00
2018.03.07 23:00:17.440,1.3112,1.31148,0.10,1.00
2018.03.07 23:00:17.777,1.3112,1.31146,0.10,1.00
2018.03.07 23:00:17.880,1.3112,1.31154,0.10,1.00
2018.03.07 23:00:17.983,1.3112,1.31158,0.10,1.00
2018.03.07 23:00:18.087,1.3112,1.31155,0.10,1.00
2018.03.07 23:00:19.556,1.3112,1.31159,0.10,1.00
2018.03.07 23:00:19.659,1.3112,1.31156,0.10,1.00
2018.03.07 23:00:27.812,1.3112,1.31161,0.10,1.00
2018.03.07 23:00:27.914,1.3112,1.31163,0.10,1.12
2018.03.07 23:00:28.133,1.3112,1.31154,0.10,1.00
2018.03.07 23:00:28.453,1.3112,1.31154,0.29,1.00
2018.03.07 23:00:29.617,1.3112,1.31154,0.29,1.00
2018.03.07 23:00:31.646,1.3112,1.31154,0.29,1.00
2018.03.07 23:00:34.885,1.3112,1.31154,0.29,1.00
2018.03.07 23:00:36.111,1.3112,1.31154,0.29,1.00
2018.03.07 23:00:37.441,1.3112,1.31154,0.29,1.00
2018.03.07 23:00:38.722,1.3112,1.31154,0.29,1.00
2018.03.07 23:00:38.877,1.3112,1.31154,0.29,1.00
2018.03.07 23:00:39.285,1.3112,1.31154,0.29,1.00
2018.03.07 23:00:42.473,1.3112,1.31154,0.29,1.00
2018.03.07 23:00:44.668,1.3112,1.31154,0.29,1.00
2018.03.07 23:00:44.975,1.3112,1.31154,0.29,1.00
2018.03.07 23:00:46.644,1.3112,1.31154,0.29,1.00
2018.03.07 23:00:47.827,1.3112,1.31154,0.29,1.00
2018.03.07 23:00:48.296,1.3112,1.31154,0.29,1.00
2018.03.07 23:00:49.416,1.3112,1.31154,0.29,1.00
2018.03.07 23:00:51.147,1.3112,1.31154,0.29,1.00
2018.03.07 23:00:54.291,1.3112,1.31154,0.29,1.00
2018.03.07 23:00:55.641,1.3112,1.31154,0.29,1.00
2018.03.07 23:01:00.055,1.31121,1.31154,1.19,1.00
2018.03.07 23:01:00.389,1.3112,1.31154,0.79,1.00
2018.03.07 23:01:01.162,1.3112,1.31154,0.66,1.00
2018.03.07 23:01:02.314,1.3112,1.31154,0.79,1.00
2018.03.07 23:01:11.616,1.3112,1.31154,0.79,1.00
2018.03.07 23:01:11.924,1.3112,1.31154,0.29,1.00
2018.03.07 23:01:12.436,1.3112,1.31154,0.29,1.00
2018.03.07 23:01:13.242,1.3112,1.31154,0.66,1.00
2018.03.07 23:01:13.578,1.3112,1.31152,0.66,1.37
2018.03.07 23:01:14.098,1.3112,1.3115,0.66,1.00
2018.03.07 23:01:14.303,1.3112,1.31152,0.66,1.12
2018.03.07 23:01:14.406,1.3112,1.3115,0.66,1.00
2018.03.07 23:01:25.691,1.3112,1.3115,0.79,1.00
2018.03.07 23:01:29.272,1.3112,1.3115,0.29,1.00
2018.03.07 23:01:29.426,1.3112,1.3115,0.79,1.00
2018.03.07 23:01:30.586,1.3112,1.3115,0.79,1.00
2018.03.07 23:01:32.022,1.3112,1.3115,0.29,1.00
2018.03.07 23:01:32.685,1.3112,1.31152,0.66,1.12
2018.03.07 23:01:38.190,1.3112,1.31153,1.66,1.87
2018.03.07 23:01:38.242,1.3112,1.31153,1.66,1.87
2018.03.07 23:01:39.701,1.3112,1.31153,1.66,1.87
2018.03.07 23:01:40.449,1.3112,1.31153,1.66,1.87
2018.03.07 23:01:41.551,1.3112,1.31152,0.66,1.12
2018.03.07 23:01:41.721,1.3112,1.31152,0.29,1.12
2018.03.07 23:01:41.874,1.3112,1.31152,0.29,1.12
2018.03.07 23:01:42.815,1.3112,1.31151,0.29,1.00
2018.03.07 23:01:43.510,1.3112,1.31153,0.29,1.37
2018.03.07 23:01:43.865,1.3112,1.31153,0.29,1.37
2018.03.07 23:01:44.293,1.3112,1.31153,0.29,1.37
2018.03.07 23:01:45.401,1.3112,1.3115,0.29,1.00
2018.03.07 23:01:45.453,1.3112,1.31153,0.29,1.37
2018.03.07 23:01:46.102,1.3112,1.31151,0.29,1.00
2018.03.07 23:01:46.633,1.3112,1.31151,0.29,1.00
2018.03.07 23:01:47.455,1.3112,1.31151,0.29,1.00
2018.03.07 23:01:48.620,1.3112,1.31153,0.29,1.87
2018.03.07 23:01:49.652,1.3112,1.31153,0.29,1.37
2018.03.07 23:01:49.961,1.3112,1.31152,0.29,1.12
2018.03.07 23:01:50.747,1.3112,1.31152,0.29,1.12
2018.03.07 23:01:51.951,1.3112,1.31152,0.29,1.12
2018.03.07 23:01:53.825,1.3112,1.31152,0.29,1.12
2018.03.07 23:01:56.439,1.3112,1.31152,0.29,1.12
2018.03.07 23:01:57.091,1.3112,1.31152,0.29,1.12
2018.03.07 23:01:57.540,1.3112,1.31152,0.29,1.12
2018.03.07 23:01:58.459,1.3112,1.3115,0.29,1.00
2018.03.07 23:01:59.215,1.3112,1.3115,0.29,1.00
2018.03.07 23:02:02.099,1.3112,1.3115,0.66,1.00
2018.03.07 23:02:03.653,1.3112,1.3115,0.66,1.00
2018.03.07 23:02:04.894,1.3112,1.3115,0.79,1.00
2018.03.07 23:02:06.011,1.3112,1.31153,0.29,1.37
2018.03.07 23:02:07.665,1.3112,1.31153,0.79,1.37
2018.03.07 23:02:08.190,1.3112,1.31151,0.79,1.00
2018.03.07 23:02:12.709,1.3112,1.31151,0.79,1.00
2018.03.07 23:02:14.026,1.3112,1.31151,0.29,1.00
2018.03.07 23:02:18.087,1.3112,1.31155,0.29,4.12
2018.03.07 23:02:21.580,1.3112,1.31155,0.79,4.12
2018.03.07 23:02:24.738,1.3112,1.31155,0.29,4.12
2018.03.07 23:02:24.971,1.3112,1.31155,0.79,4.12
2018.03.07 23:02:26.766,1.3112,1.31155,1.66,4.12
2018.03.07 23:02:31.810,1.31121,1.31155,1.31,4.12
2018.03.07 23:02:34.270,1.31121,1.31155,1.56,4.12
2018.03.07 23:02:36.337,1.3112,1.31155,1.66,4.12
2018.03.07 23:02:38.227,1.3112,1.31155,1.66,4.12
2018.03.07 23:02:42.679,1.31121,1.31155,1.31,4.12
2018.03.07 23:02:44.711,1.31123,1.31155,1.19,4.87
2018.03.07 23:02:45.243,1.31124,1.31155,1.19,4.87
2018.03.07 23:02:45.787,1.31121,1.31155,1.69,4.87
2018.03.07 23:02:51.860,1.31123,1.31155,1.56,4.12
2018.03.07 23:02:52.063,1.31121,1.31155,1.31,4.12
2018.03.07 23:02:53.579,1.3112,1.31155,1.66,4.12
2018.03.07 23:02:57.520,1.31135,1.31155,1.00,4.12
2018.03.07 23:03:02.971,1.31134,1.31155,1.50,4.12
2018.03.07 23:03:03.247,1.31131,1.31155,1.00,4.12
2018.03.07 23:03:04.068,1.31131,1.31156,1.50,4.12
2018.03.07 23:03:11.193,1.3113,1.31156,1.50,4.12
2018.03.07 23:03:17.649,1.31131,1.31156,1.00,4.12
2018.03.07 23:03:20.119,1.3113,1.31156,1.50,4.12
2018.03.07 23:03:21.666,1.31127,1.31155,1.00,1.50
2018.03.07 23:03:50.943,1.31127,1.31155,1.00,1.00
2018.03.07 23:04:21.668,1.31122,1.31157,1.00,1.00
2018.03.07 23:04:23.885,1.31123,1.31156,1.00,1.00
2018.03.07 23:04:24.157,1.31123,1.31154,1.00,1.00
2018.03.07 23:04:24.715,1.31123,1.31153,1.50,1.00
2018.03.07 23:04:36.727,1.31126,1.31154,1.00,1.50
2018.03.07 23:04:38.045,1.31124,1.31152,1.00,1.00
2018.03.07 23:04:58.181,1.31125,1.31153,1.00,1.37
2018.03.07 23:05:01.117,1.31129,1.31153,1.00,1.37
2018.03.07 23:05:01.505,1.31127,1.31153,1.00,1.37
2018.03.07 23:05:02.488,1.31128,1.31156,1.00,1.12
2018.03.07 23:05:03.542,1.31129,1.31156,1.00,1.12
2018.03.07 23:05:04.076,1.31128,1.31156,1.50,1.12
2018.03.07 23:05:05.664,1.31129,1.31156,1.00,1.12
2018.03.07 23:05:06.181,1.31128,1.31156,1.50,1.12
2018.03.07 23:05:08.140,1.31129,1.31156,1.00,1.12
2018.03.07 23:05:09.981,1.31128,1.31156,1.50,1.12
2018.03.07 23:05:12.065,1.31129,1.31156,1.00,1.12
2018.03.07 23:05:12.580,1.31128,1.31156,1.50,1.12
2018.03.07 23:05:13.828,1.31129,1.31156,1.00,1.12
2018.03.07 23:05:14.389,1.31128,1.31156,1.50,1.12
2018.03.07 23:05:15.872,1.31129,1.31156,1.00,1.12
2018.03.07 23:05:16.182,1.31133,1.31157,1.00,1.37
2018.03.07 23:05:17.302,1.31132,1.31157,1.00,1.37
2018.03.07 23:05:17.355,1.31133,1.31159,1.00,1.00
2018.03.07 23:05:17.868,1.31132,1.31161,1.00,1.37
2018.03.07 23:05:18.378,1.31133,1.31161,1.00,1.87
2018.03.07 23:05:18.481,1.31137,1.31161,1.00,1.37
2018.03.07 23:05:19.966,1.31136,1.31161,1.00,1.37
2018.03.07 23:05:23.227,1.31137,1.31161,1.00,1.37
2018.03.07 23:05:23.804,1.31136,1.31161,1.00,1.37
2018.03.07 23:05:24.753,1.31137,1.31161,1.00,1.37
2018.03.07 23:05:30.309,1.31134,1.31161,1.00,1.37
2018.03.07 23:05:32.147,1.31137,1.31161,1.00,1.37
2018.03.07 23:05:32.577,1.31134,1.31161,1.00,1.37
2018.03.07 23:05:33.054,1.31141,1.31161,1.00,1.37
2018.03.07 23:05:33.386,1.31142,1.31159,1.00,1.37
2018.03.07 23:05:34.157,1.31141,1.31159,1.00,1.37
2018.03.07 23:05:34.580,1.31137,1.31159,1.00,1.37
2018.03.07 23:05:36.604,1.31136,1.31159,1.50,1.37
2018.03.07 23:05:37.186,1.31137,1.31159,1.00,1.37
2018.03.07 23:05:40.971,1.31136,1.31159,1.50,1.37
2018.03.07 23:05:43.010,1.31137,1.31159,1.00,1.37
2018.03.07 23:05:43.988,1.31136,1.31159,1.50,1.37
2018.03.07 23:05:47.533,1.31137,1.31159,1.00,1.37
2018.03.07 23:05:49.758,1.31136,1.31159,1.50,1.37
2018.03.07 23:05:54.381,1.31137,1.31159,1.00,1.37
2018.03.07 23:05:55.412,1.31141,1.31159,1.00,1.37
2018.03.07 23:05:55.587,1.3114,1.31166,1.00,1.50
2018.03.07 23:05:56.164,1.31141,1.31166,1.00,1.50
2018.03.07 23:05:56.441,1.31138,1.31166,1.00,1.50
2018.03.07 23:05:59.961,1.31138,1.3116,1.00,1.00
2018.03.07 23:06:04.753,1.31135,1.3116,1.00,1.00
2018.03.07 23:06:04.804,1.31132,1.3116,1.00,1.00
2018.03.07 23:06:06.267,1.31133,1.3116,1.00,1.00
2018.03.07 23:06:06.781,1.31134,1.31162,1.00,1.50
2018.03.07 23:06:07.353,1.31135,1.31163,1.00,1.12
2018.03.07 23:06:10.887,1.31137,1.31163,1.00,1.12
2018.03.07 23:06:11.864,1.31138,1.31163,1.00,1.12
2018.03.07 23:06:13.820,1.31137,1.3116,1.00,1.00
2018.03.07 23:06:14.366,1.31138,1.3116,1.00,1.00
2018.03.07 23:06:14.758,1.31138,1.31161,1.00,1.12
2018.03.07 23:06:17.915,1.31137,1.31161,1.00,1.12
2018.03.07 23:06:19.170,1.31138,1.31161,1.00,1.12
2018.03.07 23:06:19.221,1.31135,1.31161,1.50,1.12
2018.03.07 23:06:20.970,1.31135,1.31163,1.50,1.37
2018.03.07 23:06:21.022,1.31139,1.31163,1.00,1.37
2018.03.07 23:06:23.774,1.31138,1.31163,1.00,1.37
2018.03.07 23:06:24.725,1.31139,1.31163,1.00,1.37
2018.03.07 23:06:26.109,1.31137,1.31163,1.00,1.37
2018.03.07 23:06:26.681,1.31136,1.31163,1.00,1.37
2018.03.07 23:06:44.943,1.31133,1.31163,1.00,1.87
2018.03.07 23:06:52.667,1.31133,1.31161,1.00,1.12
2018.03.07 23:07:03.695,1.31135,1.31161,1.00,1.12
2018.03.07 23:07:04.263,1.31136,1.31161,1.00,1.37
2018.03.07 23:07:08.134,1.31135,1.31161,1.00,1.37
2018.03.07 23:07:09.123,1.31136,1.31161,1.00,1.37
2018.03.07 23:07:15.345,1.31135,1.31161,1.00,1.37
2018.03.07 23:07:16.472,1.31136,1.31161,1.00,1.37
2018.03.07 23:07:17.043,1.31135,1.31161,1.00,1.37
2018.03.07 23:07:17.605,1.31136,1.31161,1.00,1.37
2018.03.07 23:07:17.920,1.31133,1.31156,1.00,1.12
2018.03.07 23:07:19.969,1.31131,1.31152,1.50,1.37
2018.03.07 23:07:26.839,1.31131,1.31156,1.50,1.00
2018.03.07 23:07:27.042,1.31134,1.31156,1.00,1.00
2018.03.07 23:07:28.725,1.31134,1.31157,1.00,1.12
2018.03.07 23:07:30.844,1.31134,1.31155,1.00,1.00
2018.03.07 23:07:31.859,1.31134,1.31156,1.00,1.12
2018.03.07 23:07:35.790,1.31135,1.31156,1.00,1.12
2018.03.07 23:07:40.669,1.31134,1.31156,1.00,1.12
2018.03.07 23:07:42.738,1.31131,1.31156,1.50,1.12
2018.03.07 23:07:43.645,1.31131,1.31157,1.50,1.12
2018.03.07 23:07:45.790,1.31131,1.31156,1.50,1.00
2018.03.07 23:07:48.192,1.31131,1.31152,1.50,1.00
2018.03.07 23:07:55.144,1.31135,1.31152,1.00,1.00
2018.03.07 23:07:55.578,1.31135,1.31152,1.00,1.37
2018.03.07 23:07:56.229,1.31134,1.31152,1.00,1.37
2018.03.07 23:07:56.789,1.31135,1.31152,1.00,1.37
2018.03.07 23:07:57.327,1.31134,1.31152,1.00,1.37
2018.03.07 23:07:57.379,1.31134,1.31157,1.00,1.12
2018.03.07 23:07:57.864,1.31131,1.31157,1.50,1.12
2018.03.07 23:08:13.437,1.31131,1.31155,1.50,1.00
2018.03.07 23:08:16.729,1.31133,1.31157,1.00,1.12
2018.03.07 23:08:17.497,1.31134,1.31157,1.00,1.12
2018.03.07 23:08:20.270,1.31133,1.31157,1.00,1.12
2018.03.07 23:08:26.559,1.31134,1.31157,1.00,1.12
2018.03.07 23:08:36.702,1.31132,1.31157,1.00,1.12
2018.03.07 23:08:37.376,1.31131,1.31157,1.00,1.12
2018.03.07 23:08:37.921,1.31132,1.31152,1.00,1.37
2018.03.07 23:08:38.368,1.31132,1.31157,1.00,1.12
2018.03.07 23:08:38.967,1.31132,1.31158,1.00,1.12
2018.03.07 23:08:39.271,1.31132,1.31155,1.00,1.12
2018.03.07 23:08:40.781,1.31131,1.31155,1.00,1.12
2018.03.07 23:08:41.322,1.31131,1.31156,1.00,1.12
2018.03.07 23:08:45.602,1.31132,1.31154,1.00,1.12
2018.03.07 23:08:45.655,1.31132,1.31156,1.00,1.37
2018.03.07 23:08:46.691,1.31131,1.31156,1.00,1.37
2018.03.07 23:08:49.337,1.31133,1.31156,1.00,1.37
2018.03.07 23:08:49.660,1.31136,1.31156,1.00,1.37
2018.03.07 23:08:51.862,1.31135,1.31156,1.00,1.37
2018.03.07 23:08:54.674,1.3114,1.31156,1.00,1.37
2018.03.07 23:08:58.593,1.31139,1.31156,1.00,1.37
2018.03.07 23:08:59.144,1.3114,1.31156,1.00,1.37
2018.03.07 23:09:02.436,1.31139,1.31156,1.00,1.37
2018.03.07 23:09:03.059,1.3114,1.31156,1.00,1.37
2018.03.07 23:09:04.123,1.3114,1.31152,1.00,1.12
2018.03.07 23:09:04.467,1.3114,1.31155,1.00,1.00
2018.03.07 23:09:05.089,1.31139,1.31155,1.00,1.00
2018.03.07 23:09:05.749,1.3114,1.31155,1.00,1.00
2018.03.07 23:09:07.902,1.3114,1.31153,1.00,1.12
2018.03.07 23:09:10.471,1.3114,1.31155,1.00,1.00
2018.03.07 23:09:12.066,1.3114,1.31152,1.00,1.12
2018.03.07 23:09:12.118,1.3114,1.31156,1.00,1.12
2018.03.07 23:09:12.633,1.31139,1.31156,1.00,1.12
2018.03.07 23:09:13.270,1.3114,1.31156,1.00,1.12
2018.03.07 23:09:14.168,1.3114,1.31152,1.00,1.37
2018.03.07 23:09:14.456,1.3114,1.31156,1.00,1.12
2018.03.07 23:09:16.216,1.3114,1.31152,1.00,1.12
2018.03.07 23:09:16.421,1.3114,1.31156,1.00,1.12
2018.03.07 23:09:16.722,1.31142,1.31156,1.00,1.12
2018.03.07 23:09:18.279,1.31141,1.31156,1.00,1.12
2018.03.07 23:09:18.642,1.31142,1.31161,1.00,1.12
2018.03.07 23:09:21.813,1.31141,1.31161,1.00,1.12
2018.03.07 23:09:22.362,1.31142,1.31161,1.00,1.12
2018.03.07 23:09:22.965,1.31141,1.31161,1.00,1.12
2018.03.07 23:09:24.692,1.31141,1.31165,1.50,1.12
2018.03.07 23:09:26.368,1.31142,1.31165,1.00,1.37
2018.03.07 23:09:27.657,1.31141,1.31164,1.50,1.00
2018.03.07 23:09:28.581,1.31142,1.31164,1.00,1.00
2018.03.07 23:09:29.090,1.31142,1.31165,1.00,1.12
2018.03.07 23:09:31.110,1.31141,1.31165,1.50,1.12
2018.03.07 23:09:31.900,1.31142,1.31165,1.00,1.12
2018.03.07 23:09:34.586,1.31141,1.31165,1.50,1.12
2018.03.07 23:09:35.105,1.31142,1.31165,1.00,1.12
2018.03.07 23:09:36.948,1.31142,1.31164,1.00,1.00
2018.03.07 23:09:37.689,1.31141,1.31164,1.50,1.00
2018.03.07 23:09:38.558,1.31142,1.31164,1.00,1.00
2018.03.07 23:09:39.152,1.31141,1.31164,1.00,1.00
2018.03.07 23:09:41.846,1.31138,1.31164,1.00,1.00
2018.03.07 23:09:43.575,1.31137,1.31164,1.00,1.00
2018.03.07 23:09:44.119,1.31136,1.31164,1.00,1.00
2018.03.07 23:09:46.164,1.31134,1.31161,1.00,1.12
2018.03.07 23:10:00.075,1.31135,1.31161,1.00,1.12
2018.03.07 23:10:04.324,1.31134,1.31161,1.50,1.12
2018.03.07 23:10:08.519,1.31135,1.31161,1.00,1.12
2018.03.07 23:10:10.520,1.31134,1.31161,1.87,1.12
2018.03.07 23:10:11.171,1.31135,1.31161,1.00,1.12
2018.03.07 23:10:12.122,1.31134,1.31161,1.87,1.12
2018.03.07 23:10:12.919,1.31135,1.31161,1.00,1.12
2018.03.07 23:10:13.981,1.31134,1.31161,1.87,1.12
2018.03.07 23:10:15.464,1.31135,1.31161,1.00,1.12
2018.03.07 23:10:16.760,1.31134,1.31161,1.12,1.12
2018.03.07 23:10:22.677,1.31133,1.31158,1.00,1.12
2018.03.07 23:10:24.700,1.31133,1.31161,1.00,1.37
2018.03.07 23:10:25.636,1.31134,1.31161,1.00,1.37
2018.03.07 23:10:36.714,1.31135,1.31161,1.12,1.37
2018.03.07 23:10:56.265,1.31135,1.31155,1.12,1.00
2018.03.07 23:10:56.317,1.31135,1.31159,1.87,1.00
2018.03.07 23:10:56.564,1.31137,1.31159,1.12,1.00
2018.03.07 23:11:16.755,1.31136,1.31159,1.12,1.00
2018.03.07 23:11:36.754,1.31134,1.31159,1.50,1.00
2018.03.07 23:11:48.742,1.31134,1.31158,1.50,1.12
2018.03.07 23:11:48.795,1.31134,1.31162,1.00,1.87
2018.03.07 23:12:03.966,1.31134,1.31157,1.00,1.12
2018.03.07 23:12:04.019,1.31134,1.31161,1.00,1.12
2018.03.07 23:12:25.790,1.31131,1.31154,1.50,1.00
2018.03.07 23:12:25.842,1.31131,1.31154,1.00,1.00
2018.03.07 23:12:26.161,1.31129,1.31156,1.12,1.87
2018.03.07 23:12:33.015,1.31129,1.31151,1.12,1.37
2018.03.07 23:12:41.393,1.31125,1.31151,1.12,1.37
2018.03.07 23:12:43.590,1.31124,1.31152,1.87,1.00
2018.03.07 23:12:56.623,1.31124,1.31152,1.87,1.75
2018.03.07 23:12:57.170,1.31124,1.31151,2.25,1.37
2018.03.07 23:12:58.480,1.31125,1.31151,1.00,1.37
2018.03.07 23:12:59.165,1.31124,1.31151,2.25,1.37
2018.03.07 23:12:59.998,1.31125,1.31151,1.00,1.12
2018.03.07 23:13:03.130,1.31124,1.31151,2.25,1.37
2018.03.07 23:13:15.424,1.31124,1.31152,1.00,1.12
2018.03.07 23:13:24.942,1.31125,1.31153,1.00,1.00
2018.03.07 23:13:31.254,1.31125,1.31151,1.00,1.00
2018.03.07 23:13:32.706,1.31125,1.31151,1.00,1.12
2018.03.07 23:13:42.119,1.31122,1.31151,1.00,1.87
2018.03.07 23:13:43.445,1.3112,1.31148,1.10,1.00
2018.03.07 23:14:31.943,1.31124,1.31152,1.12,1.12
2018.03.07 23:14:32.255,1.31128,1.31152,1.50,1.12
2018.03.07 23:14:32.358,1.3113,1.31155,1.12,1.12
2018.03.07 23:14:34.018,1.31131,1.31155,1.00,1.12
2018.03.07 23:14:34.590,1.3113,1.31155,1.12,1.12
2018.03.07 23:14:35.848,1.31131,1.31155,1.00,1.12
2018.03.07 23:14:38.674,1.3113,1.31155,1.12,1.12
2018.03.07 23:14:40.755,1.3113,1.31151,1.12,1.37
2018.03.07 23:14:41.652,1.31131,1.31151,1.00,1.37
2018.03.07 23:14:42.192,1.31131,1.31155,1.00,1.37
2018.03.07 23:14:43.290,1.3113,1.31155,1.12,1.37
2018.03.07 23:14:43.957,1.31131,1.31155,1.00,1.37
2018.03.07 23:14:45.658,1.31132,1.31155,1.00,1.37
2018.03.07 23:14:45.710,1.31135,1.31155,1.00,1.37
2018.03.07 23:14:46.021,1.31138,1.31155,1.00,1.37
2018.03.07 23:14:46.343,1.31144,1.31157,1.12,1.12
2018.03.07 23:14:46.394,1.31144,1.31166,1.12,1.12
2018.03.07 23:14:46.649,1.31147,1.31166,1.00,1.12
2018.03.07 23:14:47.194,1.31148,1.31166,1.00,1.12
2018.03.07 23:14:57.169,1.31144,1.31166,1.50,1.12
2018.03.07 23:15:13.877,1.31141,1.31166,1.12,1.12
2018.03.07 23:15:32.569,1.31144,1.31166,1.00,1.12
2018.03.07 23:15:36.530,1.31143,1.31166,1.50,1.12
2018.03.07 23:15:39.615,1.31144,1.31166,1.00,1.12
2018.03.07 23:15:41.349,1.31144,1.31166,1.00,1.75
2018.03.07 23:15:42.119,1.31144,1.31165,1.00,1.12
2018.03.07 23:15:43.520,1.31143,1.31165,1.50,1.12
2018.03.07 23:15:45.294,1.31144,1.31165,1.00,1.12
2018.03.07 23:15:51.313,1.31139,1.31165,1.12,1.12
2018.03.07 23:15:51.838,1.31143,1.31165,1.12,1.12
2018.03.07 23:16:05.820,1.31143,1.31157,1.12,1.12
2018.03.07 23:16:05.872,1.31143,1.31159,1.12,1.00
2018.03.07 23:16:08.099,1.31138,1.31159,2.25,1.00
2018.03.07 23:16:08.151,1.31139,1.31154,1.50,1.00
2018.03.07 23:16:24.890,1.31138,1.31154,1.00,1.00
2018.03.07 23:16:25.450,1.31137,1.31154,1.50,1.00
2018.03.07 23:16:32.665,1.31137,1.31151,1.00,1.12
2018.03.07 23:16:32.717,1.31134,1.31151,1.12,1.12
2018.03.07 23:16:56.706,1.3113,1.31151,1.50,1.12
2018.03.07 23:16:56.758,1.3113,1.31151,1.12,1.12
2018.03.07 23:17:04.929,1.31132,1.31151,1.00,1.12
2018.03.07 23:17:08.189,1.31131,1.31151,1.00,1.12
2018.03.07 23:17:08.979,1.31132,1.31151,1.00,1.12
2018.03.07 23:17:09.929,1.31131,1.31151,1.00,1.12
2018.03.07 23:17:10.734,1.31132,1.31151,1.00,1.12
2018.03.07 23:17:10.891,1.31132,1.31156,1.00,1.12
2018.03.07 23:17:12.769,1.31131,1.31156,1.00,1.12
2018.03.07 23:17:14.696,1.31132,1.31156,1.00,1.12
2018.03.07 23:17:15.573,1.31131,1.31156,1.00,1.12
2018.03.07 23:17:17.994,1.3113,1.31156,1.12,1.12
2018.03.07 23:17:18.098,1.31127,1.31151,2.25,1.00
2018.03.07 23:17:34.714,1.31131,1.31151,1.00,1.00
2018.03.07 23:17:35.909,1.3113,1.31151,1.12,1.00
2018.03.07 23:17:36.763,1.31131,1.31151,1.00,1.00
2018.03.07 23:17:38.767,1.3113,1.31151,1.12,1.00
2018.03.07 23:17:39.951,1.31131,1.31151,1.00,1.00
2018.03.07 23:17:44.058,1.31127,1.31151,1.75,1.00
2018.03.07 23:17:44.109,1.31126,1.31151,1.00,1.00
2018.03.07 23:17:46.375,1.31125,1.31151,1.50,1.00
2018.03.07 23:17:46.878,1.31126,1.31151,1.00,1.00
2018.03.07 23:17:47.752,1.31125,1.31151,1.50,1.00
2018.03.07 23:17:47.958,1.31122,1.31151,1.00,1.00
2018.03.07 23:17:53.105,1.31125,1.31151,1.37,1.00
2018.03.07 23:18:09.123,1.31125,1.31151,1.12,1.00
2018.03.07 23:18:13.103,1.31124,1.31151,1.87,1.12
2018.03.07 23:18:16.938,1.31124,1.31151,1.00,1.12
2018.03.07 23:18:17.439,1.31125,1.31151,1.12,1.12
2018.03.07 23:18:19.154,1.31125,1.31151,1.75,1.12
2018.03.07 23:18:28.994,1.31128,1.31156,1.87,1.50
2018.03.07 23:18:30.060,1.31128,1.31151,1.87,1.00
2018.03.07 23:18:36.795,1.31128,1.31151,2.25,1.00
2018.03.07 23:18:55.856,1.31129,1.31156,1.37,1.12
2018.03.07 23:19:10.178,1.3113,1.31153,1.12,1.12
2018.03.07 23:19:28.702,1.31126,1.31153,1.87,1.12
2018.03.07 23:19:29.258,1.31127,1.31153,1.12,1.12
2018.03.07 23:19:39.109,1.31126,1.31153,1.00,1.12
2018.03.07 23:20:02.303,1.31123,1.31152,1.12,1.50
2018.03.07 23:20:05.199,1.31123,1.3115,1.12,1.00
2018.03.07 23:20:36.745,1.31124,1.3115,1.37,1.00
2018.03.07 23:21:00.205,1.31125,1.31151,1.12,1.00
2018.03.07 23:21:05.627,1.31124,1.31151,1.00,1.00
2018.03.07 23:21:07.875,1.31127,1.31151,1.00,1.00
2018.03.07 23:21:08.441,1.31126,1.31151,1.12,1.00
2018.03.07 23:21:09.016,1.31127,1.31151,1.00,1.00
2018.03.07 23:21:12.744,1.31126,1.31151,1.12,1.00
2018.03.07 23:21:13.415,1.31127,1.31151,1.50,1.00
2018.03.07 23:21:19.397,1.31126,1.31151,1.12,1.00
2018.03.07 23:21:20.021,1.31127,1.31151,1.00,1.00
2018.03.07 23:21:21.990,1.31126,1.31151,1.12,1.00
2018.03.07 23:21:24.941,1.31125,1.31151,1.12,1.00
2018.03.07 23:21:26.884,1.31128,1.31151,1.37,1.00
2018.03.07 23:21:39.884,1.31134,1.31151,1.00,1.00
2018.03.07 23:21:40.303,1.31132,1.31151,1.00,1.00
2018.03.07 23:21:40.355,1.3113,1.31151,1.00,1.00
2018.03.07 23:21:40.510,1.31132,1.31151,1.00,1.00
2018.03.07 23:21:41.955,1.3113,1.31151,1.50,1.00
2018.03.07 23:21:44.240,1.31127,1.31151,1.87,1.00
2018.03.07 23:22:15.161,1.31131,1.31157,1.12,1.00
2018.03.07 23:22:15.212,1.31133,1.31161,1.00,1.00
2018.03.07 23:22:15.264,1.31131,1.31155,1.12,1.12
2018.03.07 23:22:16.773,1.31132,1.31162,1.00,1.00
2018.03.07 23:22:16.825,1.31131,1.31152,1.12,1.12
2018.03.07 23:22:17.618,1.31132,1.31152,1.00,1.12
2018.03.07 23:22:18.076,1.31133,1.31163,1.00,1.00
2018.03.07 23:22:18.179,1.31132,1.31151,1.00,1.00
2018.03.07 23:22:18.705,1.31131,1.31151,1.12,1.00
2018.03.07 23:22:20.742,1.31132,1.31151,1.00,1.00
2018.03.07 23:22:24.771,1.31131,1.31151,1.12,1.00
2018.03.07 23:22:25.311,1.31132,1.31151,1.00,1.00
2018.03.07 23:22:25.891,1.31131,1.31151,1.12,1.00
2018.03.07 23:22:26.476,1.31132,1.31151,1.00,1.00
2018.03.07 23:22:27.180,1.31131,1.31151,1.12,1.00
2018.03.07 23:22:27.771,1.31132,1.31151,1.00,1.00
2018.03.07 23:22:28.770,1.31131,1.31151,1.12,1.00
2018.03.07 23:22:29.361,1.31132,1.31151,1.00,1.00
2018.03.07 23:22:35.042,1.31131,1.31151,1.12,1.00
2018.03.07 23:22:35.727,1.31132,1.31151,1.00,1.00
2018.03.07 23:22:47.832,1.31132,1.3116,1.12,1.00
2018.03.07 23:22:48.621,1.31132,1.31156,1.12,1.12
2018.03.07 23:22:56.757,1.31129,1.31156,1.00,1.12
2018.03.07 23:22:58.759,1.31129,1.31157,1.00,1.00
2018.03.07 23:22:58.811,1.31129,1.31157,1.00,1.87
2018.03.07 23:22:59.780,1.31129,1.31154,1.00,1.00
2018.03.07 23:22:59.832,1.31125,1.31154,1.00,1.12
2018.03.07 23:22:59.884,1.31122,1.31152,1.00,1.00
2018.03.07 23:23:10.983,1.31123,1.31152,1.37,1.00
2018.03.07 23:23:56.762,1.31127,1.31155,1.00,1.00
2018.03.07 23:23:59.626,1.31127,1.31154,1.00,1.00
2018.03.07 23:24:03.998,1.31127,1.31155,1.00,1.87
2018.03.07 23:24:09.516,1.31127,1.31155,1.00,1.87
2018.03.07 23:24:24.102,1.31123,1.31153,1.00,1.00
2018.03.07 23:24:24.940,1.31124,1.31153,1.00,1.00
2018.03.07 23:24:25.454,1.31123,1.31153,1.87,1.00
2018.03.07 23:24:25.959,1.31124,1.31153,1.00,1.00
2018.03.07 23:24:26.720,1.31123,1.31153,1.87,1.00
2018.03.07 23:24:27.709,1.31124,1.31153,1.00,1.00
2018.03.07 23:24:29.005,1.31123,1.31153,1.87,1.00
2018.03.07 23:24:29.540,1.31124,1.31153,1.00,1.00
2018.03.07 23:24:32.428,1.31123,1.31153,1.87,1.00
2018.03.07 23:24:33.484,1.31124,1.31153,1.00,1.00
2018.03.07 23:24:34.804,1.31123,1.31153,1.87,1.00
2018.03.07 23:25:04.890,1.31123,1.31153,2.25,1.00
2018.03.07 23:25:21.017,1.31123,1.31153,1.00,1.87
2018.03.07 23:25:24.089,1.3112,1.31154,1.37,1.37
2018.03.07 23:25:24.551,1.31125,1.31156,1.12,1.12
2018.03.07 23:25:26.849,1.31126,1.31156,1.00,1.12
2018.03.07 23:25:31.460,1.31126,1.31156,1.00,1.87
2018.03.07 23:25:40.587,1.31127,1.31156,1.00,1.87
2018.03.07 23:25:42.057,1.31126,1.31156,2.25,1.87
2018.03.07 23:25:42.594,1.31127,1.31156,1.00,1.87
2018.03.07 23:25:45.953,1.31126,1.31156,2.25,1.87
2018.03.07 23:25:50.394,1.31126,1.31156,2.44,1.87
2018.03.07 23:25:50.989,1.31127,1.31156,1.19,1.87
2018.03.07 23:25:51.476,1.31127,1.31154,1.25,1.37
2018.03.07 23:25:52.790,1.31127,1.31154,1.19,1.37
2018.03.07 23:25:54.931,1.31127,1.31154,1.19,1.37
2018.03.07 23:25:55.948,1.31127,1.31154,1.19,1.37
2018.03.07 23:25:58.164,1.31127,1.31154,1.31,1.37
2018.03.07 23:25:59.484,1.31127,1.31154,1.69,1.37
2018.03.07 23:26:03.974,1.31126,1.31154,2.81,1.37
2018.03.07 23:26:05.153,1.31127,1.31154,1.19,1.37
2018.03.07 23:26:10.390,1.31127,1.31154,1.19,1.37
2018.03.07 23:26:15.961,1.31126,1.31154,1.69,1.37
2018.03.07 23:26:16.013,1.31126,1.31154,2.06,1.37
2018.03.07 23:26:16.595,1.31126,1.31154,2.06,1.37
2018.03.07 23:26:20.069,1.31126,1.31154,2.06,1.37
2018.03.07 23:26:20.173,1.31126,1.31154,2.06,1.37
2018.03.07 23:26:20.225,1.31126,1.31154,2.06,1.37
2018.03.07 23:26:20.735,1.31126,1.31154,2.06,1.37
2018.03.07 23:26:20.838,1.31126,1.31154,2.06,1.37
2018.03.07 23:26:21.195,1.31126,1.31154,2.44,1.37
2018.03.07 23:26:21.866,1.31126,1.31154,1.69,1.37
2018.03.07 23:26:23.573,1.31126,1.31154,2.06,1.37
2018.03.07 23:26:23.624,1.31126,1.31154,1.69,1.37
2018.03.07 23:26:24.207,1.31126,1.31154,1.69,1.37
2018.03.07 23:26:25.247,1.31126,1.31154,1.69,1.37
2018.03.07 23:26:25.402,1.31126,1.31154,2.44,1.37
2018.03.07 23:26:26.237,1.31126,1.31154,1.31,1.37
2018.03.07 23:26:26.846,1.31126,1.31154,1.19,1.37
2018.03.07 23:26:27.766,1.31126,1.31154,1.31,1.37
2018.03.07 23:26:28.497,1.31126,1.31154,1.31,1.37
2018.03.07 23:26:29.157,1.31126,1.31154,1.31,1.37
2018.03.07 23:26:29.714,1.31126,1.31154,1.31,1.37
2018.03.07 23:26:30.656,1.31126,1.31154,1.69,1.37
2018.03.07 23:26:30.708,1.31126,1.31154,1.31,1.37
2018.03.07 23:26:31.632,1.31126,1.31154,1.31,1.37
2018.03.07 23:26:32.151,1.31125,1.31154,1.69,1.37
2018.03.07 23:26:37.133,1.31127,1.31154,1.19,1.37
2018.03.07 23:26:40.868,1.31127,1.31154,1.19,1.37
2018.03.07 23:26:41.744,1.31127,1.31154,1.19,1.37
2018.03.07 23:26:46.425,1.31127,1.31153,1.19,1.00
2018.03.07 23:26:48.045,1.31126,1.31153,1.69,1.00
2018.03.07 23:26:48.097,1.31126,1.31153,1.69,1.00
2018.03.07 23:26:49.444,1.31126,1.31153,1.69,1.00
2018.03.07 23:26:50.114,1.31127,1.31153,1.19,1.00
2018.03.07 23:26:50.437,1.31127,1.31153,1.19,1.00
2018.03.07 23:26:51.524,1.31126,1.31153,1.69,1.00
2018.03.07 23:26:53.003,1.31126,1.31153,2.06,1.00
2018.03.07 23:26:53.313,1.31125,1.3115,2.06,1.12
2018.03.07 23:26:53.673,1.31125,1.31145,1.31,1.12
2018.03.07 23:26:53.726,1.31125,1.31145,2.06,1.12
2018.03.07 23:26:54.138,1.31125,1.31145,1.31,1.12
2018.03.07 23:26:55.414,1.31125,1.31145,2.06,1.12
2018.03.07 23:26:59.915,1.31125,1.31145,1.31,1.12
2018.03.07 23:27:02.021,1.31125,1.31145,1.31,1.12
2018.03.07 23:27:03.311,1.31125,1.31145,2.06,1.12
2018.03.07 23:27:05.225,1.31125,1.31145,2.06,1.12
2018.03.07 23:27:08.000,1.31125,1.31145,2.06,1.12
2018.03.07 23:27:08.547,1.31128,1.31149,1.37,1.00
2018.03.07 23:27:10.670,1.31127,1.31149,1.00,1.00
2018.03.07 23:27:10.724,1.31125,1.31149,1.50,1.00
2018.03.07 23:27:10.902,1.31125,1.31153,1.69,1.37
2018.03.07 23:27:10.955,1.31129,1.31155,1.69,1.12
2018.03.07 23:27:18.232,1.31129,1.31155,1.69,1.12
2018.03.07 23:27:24.032,1.31129,1.31155,1.69,1.12
2018.03.07 23:27:24.540,1.31128,1.31155,2.44,1.12
2018.03.07 23:27:25.159,1.31129,1.31155,1.69,1.12
2018.03.07 23:27:25.440,1.31135,1.31159,1.25,1.37
2018.03.07 23:27:25.757,1.31135,1.31164,1.00,1.00
2018.03.07 23:27:25.809,1.31138,1.31166,1.00,1.00
2018.03.07 23:28:14.892,1.31135,1.31167,1.50,1.00
2018.03.07 23:28:14.996,1.31139,1.31167,1.00,1.00
2018.03.07 23:28:16.654,1.31142,1.3117,1.00,1.00
2018.03.07 23:28:41.354,1.31142,1.31169,1.00,1.00
2018.03.07 23:28:41.926,1.31142,1.3117,1.00,2.25
2018.03.07 23:28:52.212,1.31138,1.3117,1.69,1.50
2018.03.07 23:28:52.932,1.3114,1.31168,2.06,1.00
2018.03.07 23:29:16.756,1.31142,1.3117,1.00,1.00
2018.03.07 23:30:16.762,1.31139,1.31173,1.69,1.00
2018.03.07 23:30:17.284,1.31141,1.31173,1.00,1.00
2018.03.07 23:30:24.918,1.31141,1.31174,1.62,1.87
2018.03.07 23:30:30.474,1.31141,1.31174,1.56,1.87
2018.03.07 23:30:30.526,1.31147,1.31173,1.19,1.12
2018.03.07 23:30:31.074,1.31147,1.31175,1.50,1.12
2018.03.07 23:30:36.411,1.31148,1.31169,1.12,1.37
2018.03.07 23:30:41.256,1.31148,1.31174,1.12,1.12
2018.03.07 23:30:42.301,1.31146,1.31174,1.00,1.12
2018.03.07 23:31:09.616,1.31148,1.31174,1.00,1.12
2018.03.07 23:31:09.955,1.31153,1.31174,1.00,1.12
2018.03.07 23:31:10.262,1.31153,1.31169,1.00,1.12
2018.03.07 23:31:10.726,1.31148,1.31178,1.87,1.50
2018.03.07 23:31:10.778,1.31145,1.31169,1.87,1.12
2018.03.07 23:31:10.830,1.31145,1.31173,1.12,1.50
2018.03.07 23:31:18.783,1.31146,1.31173,1.37,1.00
2018.03.07 23:31:18.992,1.31149,1.31177,1.00,2.25
2018.03.07 23:31:26.599,1.31151,1.31178,1.00,1.12
2018.03.07 23:31:26.912,1.31151,1.31178,3.19,1.12
2018.03.07 23:31:29.074,1.31151,1.31179,1.75,1.00
2018.03.07 23:31:29.281,1.31152,1.31178,1.50,1.12
2018.03.07 23:31:31.103,1.31154,1.31182,1.12,1.00
2018.03.07 23:31:40.287,1.31154,1.31181,1.12,1.00
2018.03.07 23:31:40.340,1.31152,1.3118,1.00,1.00
2018.03.07 23:31:40.392,1.3115,1.3118,1.00,1.00
2018.03.07 23:31:40.955,1.3115,1.31179,1.00,1.00
2018.03.07 23:31:42.322,1.3115,1.31177,1.00,1.00
2018.03.07 23:31:43.478,1.3115,1.31178,1.00,1.00
2018.03.07 23:31:47.382,1.3115,1.31179,1.00,1.50
2018.03.07 23:31:48.038,1.3115,1.3118,1.00,1.00
2018.03.07 23:31:48.663,1.3115,1.31179,1.00,1.00
2018.03.07 23:31:52.968,1.3115,1.3118,1.00,1.50
2018.03.07 23:31:56.758,1.31148,1.31178,1.00,1.00
2018.03.07 23:32:03.769,1.31148,1.31178,1.94,1.00
2018.03.07 23:32:03.924,1.31155,1.31183,1.00,1.12
2018.03.07 23:32:04.339,1.31151,1.3118,1.37,1.00
2018.03.07 23:32:04.667,1.31155,1.31183,1.00,1.00
2018.03.07 23:32:05.060,1.31154,1.31181,2.00,1.00
2018.03.07 23:32:05.169,1.31155,1.31184,1.50,1.00
2018.03.07 23:32:13.051,1.31154,1.31184,2.44,1.87
2018.03.07 23:32:13.105,1.31154,1.31182,1.00,1.00
2018.03.07 23:32:13.638,1.31154,1.31183,1.00,1.00
2018.03.07 23:32:14.893,1.31154,1.31181,1.00,1.00
2018.03.07 23:32:15.102,1.31154,1.31183,1.25,1.00
2018.03.07 23:32:15.624,1.31154,1.31184,1.25,2.62
2018.03.07 23:32:15.676,1.31154,1.31182,1.25,1.00
2018.03.07 23:32:17.800,1.31154,1.3118,1.00,1.00
2018.03.07 23:32:18.127,1.31154,1.31182,1.00,1.00
2018.03.07 23:32:22.260,1.31154,1.31183,1.00,1.00
2018.03.07 23:32:24.449,1.3115,1.31178,1.69,1.00
2018.03.07 23:32:25.510,1.31151,1.31178,1.00,1.00
2018.03.07 23:32:26.102,1.3115,1.31178,1.69,1.00
2018.03.07 23:32:26.659,1.31151,1.31178,1.25,1.00
2018.03.07 23:32:29.660,1.31151,1.31178,1.19,1.00
2018.03.07 23:32:29.713,1.31153,1.31182,1.31,1.00
2018.03.07 23:32:32.958,1.31153,1.31182,1.12,1.00
2018.03.07 23:32:50.112,1.31152,1.31182,1.19,1.00
2018.03.07 23:32:51.791,1.31155,1.31182,1.00,1.00
2018.03.07 23:32:59.571,1.31154,1.31182,1.69,1.00
2018.03.07 23:33:00.316,1.31155,1.31182,1.00,1.00
2018.03.07 23:33:00.940,1.31154,1.31182,1.50,1.00
2018.03.07 23:33:01.544,1.31155,1.31182,1.00,1.00
2018.03.07 23:33:03.289,1.31155,1.31182,1.19,1.00
2018.03.07 23:33:03.948,1.31155,1.31183,1.69,1.12
2018.03.07 23:33:04.843,1.31155,1.31183,1.25,1.12
2018.03.07 23:33:39.575,1.31155,1.31182,1.00,1.00
2018.03.07 23:33:40.327,1.31155,1.31183,1.00,1.12
2018.03.07 23:34:03.518,1.31154,1.31185,1.00,2.62
2018.03.07 23:34:04.919,1.31152,1.31185,1.19,3.37
2018.03.07 23:34:06.109,1.31152,1.31184,1.00,1.37
2018.03.07 23:34:13.848,1.31152,1.31184,1.19,1.87
2018.03.07 23:34:14.751,1.31152,1.31184,1.25,1.37
2018.03.07 23:34:15.783,1.31152,1.31184,1.19,1.87
2018.03.07 23:34:16.466,1.31152,1.31184,1.25,1.87
2018.03.07 23:34:18.768,1.31152,1.31184,1.19,1.37
2018.03.07 23:34:24.664,1.31152,1.31183,1.25,1.12
2018.03.07 23:34:25.421,1.31153,1.31183,1.00,1.12
2018.03.07 23:34:27.714,1.31153,1.31185,1.19,3.37
2018.03.07 23:34:36.113,1.31153,1.31185,1.19,3.37
2018.03.07 23:34:38.613,1.31153,1.31185,1.25,2.62
2018.03.07 23:34:40.937,1.31152,1.31185,1.19,2.62
2018.03.07 23:34:44.269,1.31152,1.31185,1.69,3.37
2018.03.07 23:34:49.430,1.31152,1.31185,1.69,3.00
2018.03.07 23:34:57.248,1.31152,1.31184,1.69,1.00
2018.03.07 23:35:08.555,1.31152,1.31184,1.69,1.00
2018.03.07 23:35:09.058,1.31153,1.31186,1.31,1.12
2018.03.07 23:35:10.581,1.31152,1.31187,1.69,1.50
2018.03.07 23:35:12.509,1.31152,1.31187,1.69,1.50
2018.03.07 23:35:16.893,1.31153,1.31184,1.69,1.00
2018.03.07 23:35:18.648,1.31154,1.31185,1.31,1.00
2018.03.07 23:35:21.178,1.31154,1.31185,1.31,1.00
2018.03.07 23:35:26.988,1.31154,1.31185,1.31,1.00
2018.03.07 23:35:36.757,1.31153,1.31185,1.25,1.00
2018.03.07 23:35:55.046,1.31154,1.31185,1.37,1.00
2018.03.07 23:35:55.485,1.31154,1.31183,1.37,1.00
2018.03.07 23:35:56.391,1.31155,1.31182,1.12,1.00
2018.03.07 23:36:00.333,1.31155,1.31183,1.12,1.00
2018.03.07 23:36:01.274,1.31154,1.31182,1.37,1.00
2018.03.07 23:36:02.454,1.31155,1.31183,1.12,1.00
2018.03.07 23:36:06.540,1.31155,1.31185,1.12,1.00
2018.03.07 23:36:08.601,1.31155,1.31184,1.12,1.00
2018.03.07 23:36:13.208,1.31155,1.31186,1.12,1.50
2018.03.07 23:36:13.898,1.31155,1.31184,1.12,1.00
2018.03.07 23:36:21.091,1.31155,1.31186,1.12,1.50
2018.03.07 23:36:21.460,1.31155,1.31184,1.12,1.00
2018.03.07 23:36:22.817,1.31155,1.31185,1.12,1.00
2018.03.07 23:36:36.756,1.31153,1.31185,1.62,1.00
2018.03.07 23:36:46.503,1.31153,1.31186,1.37,1.00
2018.03.07 23:36:47.127,1.31154,1.31185,1.12,1.00
2018.03.07 23:36:50.438,1.31154,1.31184,1.12,1.00
2018.03.07 23:36:54.484,1.31153,1.31184,1.37,1.00
2018.03.07 23:36:55.050,1.31154,1.31183,1.37,1.00
2018.03.07 23:37:04.472,1.31155,1.31185,1.12,1.00
2018.03.07 23:37:04.997,1.31156,1.31185,1.00,1.00
2018.03.07 23:37:07.235,1.31156,1.31186,1.00,1.50
2018.03.07 23:37:16.706,1.31156,1.31186,1.50,2.25
2018.03.07 23:37:22.201,1.31157,1.31185,1.62,1.00
2018.03.07 23:37:23.399,1.31158,1.31184,1.12,1.00
2018.03.07 23:37:26.167,1.31158,1.31185,1.12,1.00
2018.03.07 23:37:26.770,1.31158,1.31184,1.12,1.00
2018.03.07 23:37:34.419,1.31156,1.31184,1.00,1.00
2018.03.07 23:37:35.023,1.31156,1.31183,1.00,1.00
2018.03.07 23:37:40.111,1.31156,1.31184,1.00,1.00
2018.03.07 23:37:52.951,1.31156,1.31185,1.00,1.00
2018.03.07 23:37:53.178,1.31156,1.31183,1.00,1.00
2018.03.07 23:37:53.838,1.31156,1.31184,1.00,1.00
2018.03.07 23:38:02.301,1.31153,1.31183,1.87,1.00
2018.03.07 23:38:02.458,1.31149,1.31179,1.19,1.87
2018.03.07 23:38:02.768,1.31149,1.31177,1.25,1.00
2018.03.07 23:38:04.303,1.31149,1.31179,1.00,2.62
2018.03.07 23:38:06.192,1.31149,1.31177,1.00,1.00
2018.03.07 23:38:07.330,1.31149,1.31176,1.00,1.00
2018.03.07 23:38:15.427,1.31149,1.31177,1.00,1.00
2018.03.07 23:38:19.337,1.31152,1.31179,1.50,1.00
2018.03.07 23:38:19.389,1.31152,1.31181,1.69,1.00
2018.03.07 23:38:19.650,1.31155,1.31182,1.69,1.00
2018.03.07 23:38:19.702,1.31156,1.31184,1.25,2.25
2018.03.07 23:38:20.240,1.31156,1.31183,1.69,1.00
2018.03.07 23:38:20.790,1.31156,1.31184,1.25,1.50
2018.03.07 23:38:21.650,1.31159,1.31184,1.00,1.00
2018.03.07 23:38:22.436,1.31159,1.31183,1.00,1.00
2018.03.07 23:38:23.150,1.31159,1.31184,1.00,1.00
2018.03.07 23:38:25.067,1.31159,1.31183,1.00,1.00
2018.03.07 23:38:25.735,1.31159,1.31184,1.00,1.00
2018.03.07 23:38:34.012,1.31159,1.31183,1.00,1.00
2018.03.07 23:38:34.250,1.31154,1.31182,1.00,1.00
2018.03.07 23:38:34.354,1.31153,1.3118,1.00,1.00
2018.03.07 23:38:34.857,1.31153,1.31179,1.00,1.00
2018.03.07 23:38:35.595,1.31153,1.3118,1.00,1.00
2018.03.07 23:38:40.704,1.31153,1.31177,1.00,1.00
2018.03.07 23:38:40.756,1.31149,1.31177,1.69,1.00
2018.03.07 23:38:40.969,1.31147,1.31175,2.06,1.00
2018.03.07 23:38:41.281,1.31147,1.31175,2.06,1.00
2018.03.07 23:38:42.613,1.31147,1.31175,2.06,1.00
2018.03.07 23:38:42.768,1.31147,1.31175,1.31,1.00
2018.03.07 23:38:44.105,1.31147,1.31175,1.31,1.00
2018.03.07 23:38:45.795,1.31147,1.31175,1.31,1.00
2018.03.07 23:38:50.816,1.31147,1.31175,1.31,1.00
2018.03.07 23:38:54.788,1.31147,1.31175,1.31,1.50
2018.03.07 23:39:06.418,1.31147,1.31175,1.31,1.50
2018.03.07 23:39:10.213,1.31147,1.31175,1.31,1.50
2018.03.07 23:39:21.633,1.31147,1.31175,1.31,1.00
2018.03.07 23:39:21.759,1.31149,1.31179,1.69,1.12
2018.03.07 23:39:22.275,1.3115,1.31179,2.44,1.00
2018.03.07 23:39:23.322,1.3115,1.31179,2.44,1.00
2018.03.07 23:39:23.374,1.31149,1.31179,1.00,1.12
2018.03.07 23:39:23.427,1.31149,1.31179,1.19,1.87
2018.03.07 23:39:24.874,1.3115,1.31178,1.69,1.00
2018.03.07 23:39:25.829,1.3115,1.31178,1.69,1.00
2018.03.07 23:39:26.140,1.31153,1.3118,1.25,1.00
2018.03.07 23:39:35.504,1.31153,1.3118,1.19,1.00
2018.03.07 23:39:40.115,1.31153,1.3118,1.00,1.00
2018.03.07 23:39:40.672,1.31153,1.31181,1.25,1.00
2018.03.07 23:39:45.527,1.31153,1.31181,1.19,1.00
2018.03.07 23:39:46.741,1.31153,1.31181,1.25,1.00
2018.03.07 23:39:48.646,1.31153,1.31181,1.19,1.00
2018.03.07 23:39:50.582,1.31153,1.31181,1.19,1.00
2018.03.07 23:39:50.904,1.31155,1.31183,1.50,1.00
2018.03.07 23:39:56.104,1.31157,1.31183,1.19,1.00
2018.03.07 23:39:56.462,1.31158,1.31188,1.25,1.87
2018.03.07 23:39:57.304,1.31158,1.31188,1.19,1.12
2018.03.07 23:39:58.677,1.31158,1.31188,1.94,1.00
2018.03.07 23:39:59.233,1.31158,1.31186,1.00,1.00
2018.03.07 23:40:00.340,1.31158,1.31187,1.00,1.50
2018.03.07 23:40:01.458,1.3116,1.31188,1.19,1.50
2018.03.07 23:40:02.412,1.31159,1.31188,1.69,1.00
2018.03.07 23:40:02.465,1.31159,1.31188,1.69,1.00
2018.03.07 23:40:02.620,1.31161,1.31191,1.19,1.00
2018.03.07 23:40:06.487,1.31161,1.31191,1.25,1.00
2018.03.07 23:40:11.571,1.31161,1.31191,1.19,1.69
2018.03.07 23:40:11.802,1.31161,1.3119,1.00,1.19
2018.03.07 23:40:11.855,1.31158,1.31185,1.25,1.12
2018.03.07 23:40:12.404,1.31156,1.31184,1.87,1.00
2018.03.07 23:40:13.397,1.31156,1.31184,1.19,1.00
2018.03.07 23:40:13.450,1.31157,1.31184,1.50,1.00
2018.03.07 23:40:14.035,1.31156,1.31184,1.00,1.25
2018.03.07 23:40:14.088,1.31156,1.31182,1.00,1.00
2018.03.07 23:40:14.192,1.3115,1.31178,1.19,1.00
2018.03.07 23:40:15.627,1.3115,1.31178,1.00,1.00
2018.03.07 23:40:16.128,1.3115,1.31178,1.19,1.00
2018.03.07 23:40:17.298,1.3115,1.31178,1.19,1.00
2018.03.07 23:40:18.767,1.31154,1.31182,1.25,1.00
2018.03.07 23:40:22.981,1.31154,1.3118,1.00,2.25
2018.03.07 23:40:23.182,1.31147,1.3118,1.19,3.00
2018.03.07 23:40:23.935,1.31146,1.3118,1.19,1.75
2018.03.07 23:40:27.017,1.31146,1.31178,1.25,1.12
2018.03.07 23:40:27.592,1.31146,1.31178,1.19,1.12
2018.03.07 23:40:29.334,1.31143,1.31176,1.94,1.00
2018.03.07 23:40:29.644,1.31144,1.31174,1.00,1.12
2018.03.07 23:40:35.508,1.31144,1.31172,1.00,1.00
2018.03.07 23:40:36.325,1.31144,1.31173,1.00,1.00
2018.03.07 23:40:36.845,1.31144,1.31172,1.00,1.00
2018.03.07 23:40:37.366,1.31144,1.31173,1.25,1.00
2018.03.07 23:40:39.032,1.31144,1.31174,1.25,1.12
2018.03.07 23:40:40.715,1.31144,1.31174,1.19,1.12
2018.03.07 23:40:40.926,1.31144,1.31174,1.00,1.12
2018.03.07 23:40:42.273,1.31144,1.31172,1.00,1.00
2018.03.07 23:40:44.054,1.31144,1.31173,1.00,1.50
2018.03.07 23:40:44.576,1.31141,1.31172,1.19,1.00
2018.03.07 23:40:45.237,1.31141,1.31173,1.19,1.00
2018.03.07 23:40:45.790,1.31141,1.31172,1.19,1.00
2018.03.07 23:40:46.009,1.31144,1.31174,1.25,1.00
2018.03.07 23:40:48.699,1.31144,1.31174,1.19,1.00
2018.03.07 23:40:49.212,1.31144,1.31174,1.00,1.00
2018.03.07 23:40:49.264,1.31144,1.31172,1.00,1.00
2018.03.07 23:40:50.699,1.31144,1.31173,1.00,1.00
2018.03.07 23:40:51.215,1.31144,1.31172,1.00,1.12
2018.03.07 23:41:04.984,1.31144,1.31174,1.00,1.00
2018.03.07 23:41:17.740,1.31141,1.31171,1.19,1.50
2018.03.07 23:41:21.549,1.31141,1.31171,1.19,1.50
2018.03.07 23:41:22.094,1.31141,1.31171,1.19,1.50
2018.03.07 23:41:34.315,1.31141,1.31171,1.19,1.50
2018.03.07 23:41:35.809,1.31142,1.31171,1.31,1.00
2018.03.07 23:41:37.901,1.31141,1.31171,2.44,1.00
2018.03.07 23:41:39.058,1.31143,1.31173,1.19,1.00
2018.03.07 23:41:39.488,1.31143,1.31173,1.25,1.00
2018.03.07 23:41:40.095,1.31143,1.31173,1.19,1.00
2018.03.07 23:41:40.741,1.31143,1.31173,1.19,1.00
2018.03.07 23:41:42.770,1.31143,1.31173,1.19,1.00
2018.03.07 23:41:44.027,1.31143,1.31173,1.19,1.00
2018.03.07 23:41:47.462,1.31143,1.31173,1.19,1.00
2018.03.07 23:41:52.057,1.31143,1.31173,1.25,1.12
2018.03.07 23:42:02.169,1.31141,1.31169,1.25,1.50
2018.03.07 23:42:03.464,1.31139,1.31167,1.25,1.00
2018.03.07 23:42:05.008,1.31139,1.31167,1.50,1.00
2018.03.07 23:42:06.004,1.31141,1.31169,1.19,1.00
2018.03.07 23:42:07.392,1.31141,1.31169,1.19,1.00
2018.03.07 23:42:07.921,1.31143,1.31173,1.25,1.50
2018.03.07 23:42:08.025,1.31143,1.31173,1.19,2.25
2018.03.07 23:42:09.554,1.31143,1.31173,1.19,1.50
2018.03.07 23:42:11.154,1.31143,1.31173,1.19,1.50
2018.03.07 23:42:16.883,1.31143,1.31173,1.19,2.25
2018.03.07 23:42:23.210,1.31143,1.31173,1.56,1.12
2018.03.07 23:42:27.399,1.31144,1.31173,1.12,1.00
2018.03.07 23:42:28.541,1.31144,1.31173,1.31,1.00
2018.03.07 23:42:33.125,1.31143,1.31173,2.44,1.00
2018.03.07 23:42:34.463,1.31144,1.31173,1.31,1.00
2018.03.07 23:42:35.052,1.31146,1.31174,1.00,1.00
2018.03.07 23:42:55.893,1.31143,1.31173,1.19,1.00
2018.03.07 23:42:57.443,1.31143,1.31173,1.19,1.00
2018.03.07 23:43:00.630,1.31143,1.31173,1.19,1.00
2018.03.07 23:43:23.718,1.31146,1.31174,2.44,1.00
2018.03.07 23:43:44.890,1.31146,1.31174,1.31,1.00
2018.03.07 23:43:45.657,1.31148,1.31174,1.12,1.00
2018.03.07 23:43:45.710,1.31149,1.31177,1.69,1.00
2018.03.07 23:43:46.291,1.31151,1.31179,1.00,1.37
2018.03.07 23:43:49.318,1.31151,1.31179,1.00,1.00
2018.03.07 23:44:25.344,1.31151,1.31179,1.19,1.00
2018.03.07 23:44:25.396,1.31154,1.31182,1.00,1.87
2018.03.07 23:44:27.133,1.31154,1.31182,1.19,1.12
2018.03.07 23:44:29.214,1.31154,1.31182,1.00,1.87
2018.03.07 23:45:04.943,1.31155,1.31185,1.00,1.37
2018.03.07 23:45:08.456,1.31155,1.31185,1.00,1.00
2018.03.07 23:45:24.855,1.31155,1.31184,1.00,1.00
2018.03.07 23:45:25.514,1.31155,1.31185,1.50,1.00
2018.03.07 23:45:36.706,1.31155,1.31185,1.87,1.50
2018.03.07 23:45:56.722,1.31155,1.31185,1.87,1.50
2018.03.07 23:45:58.373,1.31155,1.31185,1.87,2.62
2018.03.07 23:45:58.959,1.31156,1.31185,1.00,1.87
2018.03.07 23:45:59.968,1.31155,1.31185,1.87,1.87
2018.03.07 23:46:02.286,1.31156,1.31185,1.00,1.00
2018.03.07 23:46:02.340,1.3116,1.31184,1.12,1.00
2018.03.07 23:46:02.431,1.3116,1.31188,1.12,1.87
2018.03.07 23:46:18.148,1.31161,1.31188,1.00,1.12
2018.03.07 23:46:19.641,1.3116,1.31188,1.50,1.12
2018.03.07 23:46:20.029,1.31158,1.31187,1.00,1.37
2018.03.07 23:46:20.367,1.31156,1.31184,1.00,1.50
2018.03.07 23:46:32.389,1.31156,1.31183,1.00,1.00
2018.03.07 23:46:32.932,1.31156,1.31184,1.00,1.12
2018.03.07 23:46:33.965,1.31156,1.31184,1.19,1.12
2018.03.07 23:46:35.053,1.31156,1.31184,1.19,1.00
2018.03.07 23:46:36.269,1.31156,1.31184,1.19,1.00
2018.03.07 23:46:36.800,1.31158,1.31184,1.00,1.12
2018.03.07 23:46:36.851,1.31153,1.31183,1.00,1.00
2018.03.07 23:46:37.361,1.31153,1.31181,1.00,1.00
2018.03.07 23:46:41.541,1.31153,1.3118,1.00,1.00
2018.03.07 23:46:48.581,1.31153,1.31179,1.00,1.00
2018.03.07 23:46:49.435,1.31153,1.31178,1.00,1.00
2018.03.07 23:46:55.161,1.31153,1.31179,1.00,1.00
2018.03.07 23:46:55.702,1.31153,1.3118,1.00,1.00
2018.03.07 23:46:56.758,1.31151,1.3118,1.12,1.50
2018.03.07 23:46:57.488,1.31151,1.31179,1.12,1.00
2018.03.07 23:47:16.758,1.3115,1.31179,1.12,1.12
2018.03.07 23:47:37.776,1.3115,1.3118,1.87,1.50
2018.03.07 23:47:38.054,1.3115,1.31178,1.50,1.00
2018.03.07 23:47:40.066,1.3115,1.31177,1.50,1.00
2018.03.07 23:47:40.643,1.3115,1.31178,2.44,1.00
2018.03.07 23:47:42.014,1.3115,1.3118,2.44,1.50
2018.03.07 23:47:50.721,1.31154,1.31182,1.00,1.87
2018.03.07 23:47:52.772,1.31154,1.31181,1.50,1.00
2018.03.07 23:48:00.061,1.31154,1.3118,1.00,1.00
2018.03.07 23:48:02.425,1.31154,1.31181,1.50,1.00
2018.03.07 23:48:07.607,1.31154,1.3118,1.50,1.00
2018.03.07 23:48:10.863,1.31154,1.31182,1.00,1.87
2018.03.07 23:48:51.013,1.31151,1.31184,1.69,1.87
2018.03.07 23:48:56.826,1.31151,1.31184,1.50,1.87
2018.03.07 23:49:05.619,1.31152,1.31184,1.00,1.87
2018.03.07 23:49:10.700,1.31151,1.31184,1.50,1.87
2018.03.07 23:49:11.889,1.31152,1.31184,1.00,1.87
2018.03.07 23:49:23.613,1.31151,1.3118,1.50,1.12
2018.03.07 23:49:24.575,1.31151,1.31182,1.50,1.00
2018.03.07 23:49:25.107,1.31152,1.31183,1.12,1.12
2018.03.07 23:49:30.574,1.31152,1.31184,1.12,1.50
2018.03.07 23:49:33.675,1.31154,1.31185,1.12,1.87
2018.03.07 23:49:41.510,1.31153,1.31183,1.12,1.50
2018.03.07 23:49:41.563,1.3115,1.31182,1.25,1.50
2018.03.07 23:49:47.928,1.3115,1.31183,1.00,2.25
2018.03.07 23:49:48.233,1.31154,1.31183,1.00,1.00
2018.03.07 23:49:49.175,1.31153,1.31185,1.50,1.12
2018.03.07 23:49:50.069,1.31154,1.31185,1.00,1.12
2018.03.07 23:49:52.071,1.31154,1.31187,1.25,2.25
2018.03.07 23:49:52.178,1.31154,1.31185,1.00,1.37
2018.03.07 23:49:52.885,1.31153,1.31185,1.69,1.87
2018.03.07 23:49:53.552,1.31154,1.31185,1.00,1.37
2018.03.07 23:49:54.053,1.31153,1.31185,1.50,1.87
2018.03.07 23:49:59.541,1.31154,1.31185,1.00,1.37
2018.03.07 23:50:00.043,1.31153,1.31185,1.50,1.37
2018.03.07 23:50:00.596,1.31154,1.31185,1.00,1.87
2018.03.07 23:50:02.012,1.31153,1.31185,1.50,1.87
2018.03.07 23:50:02.564,1.31154,1.31185,1.00,1.37
2018.03.07 23:50:03.105,1.31153,1.31185,1.50,1.37
2018.03.07 23:50:03.760,1.31154,1.31185,1.00,1.37
2018.03.07 23:50:04.290,1.31153,1.31185,1.12,1.37
2018.03.07 23:50:04.969,1.31154,1.31185,1.00,1.37
2018.03.07 23:50:06.525,1.31153,1.31185,1.12,1.87
2018.03.07 23:50:11.031,1.31154,1.31185,1.00,1.87
2018.03.07 23:50:16.565,1.31153,1.31185,1.12,1.37
2018.03.07 23:50:17.094,1.31154,1.31185,1.00,1.37
2018.03.07 23:50:19.317,1.31153,1.31185,1.12,1.37
2018.03.07 23:50:21.953,1.31154,1.31185,1.00,1.87
2018.03.07 23:50:22.471,1.31153,1.31185,1.12,1.87
2018.03.07 23:50:30.192,1.31153,1.31184,1.12,2.06
2018.03.07 23:50:30.752,1.31152,1.31182,1.37,1.87
2018.03.07 23:50:33.190,1.31153,1.31179,1.12,1.12
2018.03.07 23:50:33.294,1.31149,1.31179,1.00,1.87
2018.03.07 23:50:45.076,1.31149,1.31177,1.00,1.87
2018.03.07 23:50:52.221,1.31146,1.31174,1.00,1.00
2018.03.07 23:51:01.043,1.31148,1.31174,1.12,1.00
2018.03.07 23:51:04.890,1.31147,1.31174,1.00,1.00
2018.03.07 23:51:05.713,1.31146,1.31174,1.00,1.00
2018.03.07 23:51:14.077,1.31145,1.31174,1.00,1.00
2018.03.07 23:51:14.387,1.31147,1.31174,1.50,1.00
2018.03.07 23:51:15.967,1.31148,1.31177,1.12,1.12
2018.03.07 23:51:29.295,1.31147,1.31177,1.00,1.12
2018.03.07 23:51:44.890,1.31147,1.31177,1.50,1.12
2018.03.07 23:52:03.504,1.3115,1.31179,1.50,1.00
2018.03.07 23:52:04.054,1.3115,1.31179,1.87,1.00
2018.03.07 23:52:24.890,1.3115,1.31179,1.87,1.00
2018.03.07 23:52:32.713,1.31151,1.31179,1.12,1.00
2018.03.07 23:52:32.816,1.31152,1.31183,1.50,1.50
2018.03.07 23:52:33.361,1.31152,1.31183,1.00,1.50
2018.03.07 23:52:34.850,1.31152,1.31182,1.00,1.00
2018.03.07 23:52:36.483,1.3115,1.31179,2.25,1.00
2018.03.07 23:52:46.816,1.3115,1.31178,1.00,1.00
2018.03.07 23:52:48.845,1.31148,1.31177,1.12,1.00
2018.03.07 23:52:49.394,1.31148,1.31178,1.12,2.25
2018.03.07 23:53:01.447,1.31152,1.31179,1.12,1.50
2018.03.07 23:53:10.516,1.31151,1.31179,1.00,1.50
2018.03.07 23:53:10.827,1.31152,1.31179,3.00,1.00
2018.03.07 23:53:13.165,1.31153,1.31182,1.37,2.25
2018.03.07 23:53:13.685,1.31155,1.31182,1.00,1.00
2018.03.07 23:53:14.533,1.31154,1.31182,1.12,1.00
2018.03.07 23:53:15.812,1.31155,1.31182,1.00,1.00
2018.03.07 23:53:18.340,1.31154,1.31182,1.12,1.00
2018.03.07 23:53:19.894,1.31155,1.31182,1.00,1.00
2018.03.07 23:53:20.530,1.31154,1.31182,1.12,1.00
2018.03.07 23:53:21.540,1.31155,1.31182,1.00,1.00
2018.03.07 23:53:28.119,1.31154,1.31182,1.12,1.00
2018.03.07 23:53:29.306,1.31155,1.31182,1.00,1.00
2018.03.07 23:53:29.841,1.31154,1.31182,1.12,1.00
2018.03.07 23:53:31.799,1.31155,1.31182,1.00,1.00
2018.03.07 23:53:33.844,1.31158,1.31182,1.00,1.00
2018.03.07 23:53:34.156,1.31164,1.3119,1.00,1.37
2018.03.07 23:53:34.208,1.31161,1.3119,1.12,1.37
2018.03.07 23:53:45.019,1.31161,1.31188,1.00,1.12
2018.03.07 23:53:45.304,1.31161,1.31189,1.00,1.12
2018.03.07 23:53:45.718,1.31157,1.31189,1.12,2.25
2018.03.07 23:53:47.896,1.31159,1.31187,1.00,1.00
2018.03.07 23:53:48.789,1.31161,1.31187,1.00,1.00
2018.03.07 23:53:48.841,1.31161,1.31191,1.00,1.00
2018.03.07 23:53:48.984,1.31159,1.31187,1.50,1.50
2018.03.07 23:53:49.346,1.31155,1.31186,1.56,1.00
2018.03.07 23:53:49.792,1.31155,1.31184,1.56,1.00
2018.03.07 23:53:50.327,1.31155,1.31185,1.19,1.00
2018.03.07 23:53:51.011,1.31155,1.31185,1.19,1.00
2018.03.07 23:53:51.672,1.31155,1.31184,1.19,1.00
2018.03.07 23:53:52.335,1.31155,1.31184,1.25,1.00
2018.03.07 23:53:54.260,1.31155,1.31184,1.25,1.37
2018.03.07 23:53:54.768,1.31154,1.31182,1.19,1.00
2018.03.07 23:53:55.235,1.31154,1.31182,1.00,1.00
2018.03.07 23:54:00.894,1.31157,1.31185,1.00,1.00
2018.03.07 23:54:01.205,1.31155,1.31183,2.06,1.12
2018.03.07 23:54:04.925,1.31155,1.31183,1.00,1.12
2018.03.07 23:54:15.070,1.31155,1.31182,1.19,1.00
2018.03.07 23:54:15.175,1.31152,1.3118,1.19,1.00
2018.03.07 23:54:16.522,1.3115,1.31178,1.31,1.00
2018.03.07 23:54:17.903,1.3115,1.31178,1.31,1.50
2018.03.07 23:54:25.677,1.3115,1.31178,1.12,1.50
2018.03.07 23:54:26.393,1.3115,1.31178,1.19,1.50
2018.03.07 23:54:26.498,1.31152,1.31182,2.06,1.00
2018.03.07 23:54:27.282,1.31152,1.31182,3.56,1.00
2018.03.07 23:54:27.909,1.31155,1.31183,1.25,1.00
2018.03.07 23:54:27.962,1.31155,1.31183,1.19,1.00
2018.03.07 23:54:28.014,1.31155,1.31183,1.00,1.00
2018.03.07 23:54:28.745,1.31155,1.31183,1.00,1.37
2018.03.07 23:54:30.202,1.31155,1.31183,1.19,1.37
2018.03.07 23:54:34.712,1.31155,1.31183,1.25,1.37
2018.03.07 23:54:40.856,1.31155,1.31183,1.31,1.37
2018.03.07 23:54:41.176,1.31155,1.31183,3.19,1.00
2018.03.07 23:54:41.380,1.31155,1.31183,2.06,1.00
2018.03.07 23:54:41.688,1.31155,1.31183,2.06,1.00
2018.03.07 23:54:41.896,1.31155,1.31183,2.06,1.00
2018.03.07 23:54:42.171,1.31158,1.31188,1.56,1.00
2018.03.07 23:54:42.680,1.3116,1.31188,1.31,1.00
2018.03.07 23:54:44.732,1.31158,1.31188,1.31,1.00
2018.03.07 23:54:45.560,1.31159,1.31188,1.81,1.50
2018.03.07 23:54:46.790,1.31158,1.31188,1.94,1.50
2018.03.07 23:54:46.946,1.31157,1.31185,1.31,1.00
2018.03.07 23:54:47.481,1.31156,1.31184,1.69,1.12
2018.03.07 23:54:47.698,1.31156,1.31184,1.69,1.12
2018.03.07 23:54:49.059,1.31156,1.31184,1.25,1.00
2018.03.07 23:54:49.340,1.31153,1.31183,1.31,1.00
2018.03.07 23:54:51.359,1.31153,1.31183,1.25,1.37
2018.03.07 23:54:51.896,1.31152,1.3118,1.00,1.12
2018.03.07 23:55:02.298,1.31152,1.31179,1.00,1.00
2018.03.07 23:55:02.813,1.31152,1.3118,1.00,2.62
2018.03.07 23:55:07.431,1.31152,1.31178,1.00,1.00
2018.03.07 23:55:07.695,1.31149,1.31177,1.00,1.12
2018.03.07 23:55:07.800,1.31146,1.31174,2.06,1.00
2018.03.07 23:55:11.638,1.31146,1.31174,1.31,1.00
2018.03.07 23:55:11.981,1.31147,1.31177,1.19,1.87
2018.03.07 23:55:12.701,1.31147,1.31177,1.69,1.87
2018.03.07 23:55:13.209,1.31147,1.31177,1.31,1.87
2018.03.07 23:55:13.782,1.31147,1.31176,1.31,1.00
2018.03.07 23:55:14.110,1.31147,1.31176,2.62,1.00
2018.03.07 23:55:14.773,1.31147,1.31176,1.69,1.00
2018.03.07 23:55:14.942,1.31145,1.31174,1.12,1.00
2018.03.07 23:55:14.993,1.31141,1.31173,2.06,1.00
2018.03.07 23:55:15.497,1.31144,1.31172,1.00,1.00
2018.03.07 23:55:15.651,1.31144,1.31172,1.69,1.00
2018.03.07 23:55:17.249,1.31144,1.31172,2.44,1.00
2018.03.07 23:55:17.797,1.31145,1.31172,1.81,1.00
2018.03.07 23:55:18.531,1.31147,1.31175,1.31,1.00
2018.03.07 23:55:19.918,1.31147,1.31175,1.87,1.00
2018.03.07 23:55:23.108,1.31148,1.31175,1.31,1.00
2018.03.07 23:55:24.891,1.31148,1.31175,1.87,1.00
2018.03.07 23:55:30.913,1.31149,1.31177,1.19,1.00
2018.03.07 23:55:33.726,1.31149,1.31177,1.75,1.00
2018.03.07 23:55:36.373,1.31149,1.3118,1.12,1.12
2018.03.07 23:55:38.302,1.31149,1.3118,1.12,1.12
2018.03.07 23:55:40.710,1.3115,1.3118,1.12,1.12
2018.03.07 23:55:43.918,1.31148,1.3118,1.87,1.12
2018.03.07 23:55:45.488,1.3115,1.31178,2.44,1.00
2018.03.07 23:55:45.599,1.31154,1.31182,1.19,1.00
2018.03.07 23:55:45.807,1.31156,1.31184,1.00,1.00
2018.03.07 23:55:47.604,1.31156,1.31184,1.19,1.00
2018.03.07 23:55:48.196,1.31156,1.31184,1.69,1.00
2018.03.07 23:55:49.633,1.31156,1.31184,1.69,1.00
2018.03.07 23:55:54.602,1.31156,1.31184,1.69,1.00
2018.03.07 23:56:02.327,1.31156,1.31184,1.19,1.00
2018.03.07 23:56:02.379,1.31159,1.31187,1.00,2.44
2018.03.07 23:56:04.539,1.31159,1.31187,1.00,1.69
2018.03.07 23:56:04.721,1.31153,1.31182,1.00,1.69
2018.03.07 23:56:04.773,1.31153,1.31182,1.00,1.31
2018.03.07 23:56:05.560,1.31153,1.31182,1.00,2.81
2018.03.07 23:56:06.442,1.31153,1.31182,1.00,1.19
2018.03.07 23:56:06.546,1.31153,1.31182,1.00,1.00
2018.03.07 23:56:06.827,1.31153,1.31183,1.31,1.12
2018.03.07 23:56:08.097,1.31153,1.31183,1.31,1.12
2018.03.07 23:56:14.043,1.31153,1.31183,1.56,1.12
2018.03.07 23:56:14.095,1.31153,1.31183,1.19,1.12
2018.03.07 23:56:14.651,1.31153,1.31183,1.31,1.12
2018.03.07 23:56:20.529,1.31153,1.31183,1.56,1.12
2018.03.07 23:56:25.114,1.31154,1.31183,2.06,1.00
2018.03.07 23:56:32.879,1.31154,1.31183,2.06,1.00
2018.03.07 23:56:34.863,1.31154,1.31183,1.69,1.00
2018.03.07 23:56:36.762,1.31157,1.31185,1.00,1.00
2018.03.07 23:56:38.199,1.31157,1.31185,1.19,1.00
2018.03.07 23:56:40.713,1.31157,1.31185,1.25,1.00
2018.03.07 23:56:55.912,1.31157,1.31185,1.19,1.00
2018.03.07 23:56:57.680,1.31157,1.31185,1.25,1.00
2018.03.07 23:57:09.128,1.31157,1.31185,1.19,1.00
2018.03.07 23:57:11.153,1.31158,1.31187,1.19,1.00
2018.03.07 23:57:11.734,1.31158,1.31188,1.19,1.00
2018.03.07 23:57:17.552,1.31158,1.31188,1.19,1.00
2018.03.07 23:57:50.382,1.31158,1.31188,1.56,1.00
2018.03.07 23:57:55.658,1.31159,1.31188,1.31,1.00
2018.03.07 23:57:56.708,1.3116,1.31188,1.56,1.00
2018.03.07 23:57:57.849,1.3116,1.31188,1.31,1.00
2018.03.07 23:57:58.351,1.3116,1.31188,1.69,1.00
2018.03.07 23:58:00.815,1.3116,1.31188,1.19,1.00
2018.03.07 23:58:01.257,1.3116,1.3119,1.69,1.00
2018.03.07 23:58:02.498,1.3116,1.3119,2.06,1.00
2018.03.07 23:58:03.355,1.3116,1.3119,1.69,1.00
2018.03.07 23:58:03.868,1.3116,1.3119,1.19,1.00
2018.03.07 23:58:05.566,1.3116,1.3119,1.69,1.00
2018.03.07 23:58:07.740,1.3116,1.3119,1.69,1.00
2018.03.07 23:58:09.656,1.3116,1.3119,2.06,1.00
2018.03.07 23:58:15.918,1.3116,1.3119,2.06,1.00
2018.03.07 23:58:30.990,1.31161,1.3119,1.19,1.00
2018.03.07 23:58:34.452,1.31161,1.3119,1.69,1.00
2018.03.07 23:58:35.801,1.31161,1.3119,1.69,1.00
2018.03.07 23:58:38.729,1.31161,1.3119,1.69,1.00
2018.03.07 23:58:44.434,1.31161,1.3119,1.69,1.00
2018.03.07 23:58:46.132,1.3116,1.3119,3.19,1.00
2018.03.07 23:58:49.382,1.3116,1.3119,3.19,1.00
2018.03.07 23:58:55.816,1.3116,1.3119,3.19,1.00
2018.03.07 23:58:59.204,1.31162,1.3119,1.19,1.00
2018.03.07 23:59:00.456,1.31162,1.3119,1.31,1.00
2018.03.07 23:59:00.560,1.31161,1.31193,2.44,1.00
2018.03.07 23:59:01.670,1.31162,1.31193,1.69,1.00
2018.03.07 23:59:01.766,1.31162,1.31193,1.31,1.00
2018.03.07 23:59:04.700,1.31162,1.31193,1.31,1.50
2018.03.07 23:59:05.699,1.31162,1.31193,1.19,3.00
2018.03.07 23:59:06.622,1.31161,1.3119,1.31,1.00
2018.03.07 23:59:07.157,1.31161,1.3119,1.19,1.00
2018.03.07 23:59:13.170,1.31161,1.3119,1.19,1.00
2018.03.07 23:59:16.540,1.31161,1.3119,1.31,1.00
2018.03.07 23:59:17.569,1.31161,1.3119,1.31,1.00
2018.03.07 23:59:20.089,1.31161,1.31191,1.31,1.12
2018.03.07 23:59:24.635,1.31161,1.3119,1.31,1.00
2018.03.07 23:59:24.941,1.31161,1.31193,1.69,2.62
2018.03.07 23:59:27.213,1.31161,1.31193,1.31,1.87
2018.03.07 23:59:29.681,1.31161,1.31193,1.69,1.87
2018.03.07 23:59:31.278,1.31161,1.31193,1.31,1.87
2018.03.07 23:59:32.910,1.31161,1.31193,1.69,1.87
2018.03.07 23:59:35.172,1.31163,1.31193,1.19,1.12
2018.03.07 23:59:36.104,1.31164,1.31193,1.19,1.00
2018.03.07 23:59:36.412,1.31167,1.31195,2.44,1.00
2018.03.07 23:59:38.189,1.31167,1.31195,2.44,1.00
2018.03.07 23:59:38.891,1.31169,1.31199,1.31,1.87
2018.03.07 23:59:39.583,1.31169,1.31199,1.31,1.87
2018.03.07 23:59:40.099,1.31169,1.31199,1.56,1.87
2018.03.07 23:59:43.149,1.31169,1.31199,1.31,1.50
2018.03.07 23:59:51.714,1.31169,1.31199,1.56,1.00
2018.03.07 23:59:58.203,1.3117,1.31195,1.56,1.00
2018.03.07 23:59:59.550,1.31169,1.31195,2.81,1.00
