2017.07.11 02:00:00.414,1.24415,1.24438,2.62,1.00
2017.07.11 02:00:01.406,1.24413,1.24438,2.62,1.50
2017.07.11 02:00:01.976,1.24414,1.24438,2.62,1.00
2017.07.11 02:00:02.487,1.24415,1.24438,1.12,1.12
2017.07.11 02:00:02.640,1.24417,1.2444,1.00,1.87
2017.07.11 02:00:03.191,1.24417,1.24439,1.00,1.00
2017.07.11 02:00:03.854,1.24417,1.2444,1.00,1.12
2017.07.11 02:00:04.413,1.24418,1.24441,1.00,1.37
2017.07.11 02:00:04.566,1.24419,1.24442,1.00,1.12
2017.07.11 02:00:05.825,1.24419,1.24444,1.00,1.50
2017.07.11 02:00:06.271,1.24421,1.24444,1.00,1.50
2017.07.11 02:00:06.802,1.24421,1.24445,1.00,1.00
2017.07.11 02:00:07.736,1.24421,1.24446,1.00,1.00
2017.07.11 02:00:08.929,1.24421,1.24445,1.00,1.00
2017.07.11 02:00:09.938,1.24422,1.24445,1.00,1.00
2017.07.11 02:00:10.459,1.24423,1.24446,1.00,1.00
2017.07.11 02:00:22.358,1.24422,1.24448,1.00,1.87
2017.07.11 02:00:22.942,1.24422,1.24448,1.00,1.50
2017.07.11 02:00:33.105,1.24424,1.24448,1.00,1.00
2017.07.11 02:00:33.444,1.24427,1.24451,1.00,1.75
2017.07.11 02:00:33.864,1.24425,1.2445,1.50,1.50
2017.07.11 02:00:38.481,1.24425,1.2445,1.00,1.12
2017.07.11 02:00:49.949,1.24427,1.24451,1.00,1.12
2017.07.11 02:00:52.418,1.24428,1.24451,1.00,1.00
2017.07.11 02:00:54.453,1.24424,1.24448,1.00,1.00
2017.07.11 02:00:55.347,1.24425,1.24449,1.00,1.50
2017.07.11 02:00:55.398,1.24427,1.2445,1.00,1.00
2017.07.11 02:00:57.274,1.24423,1.24448,1.00,1.00
2017.07.11 02:00:58.266,1.24424,1.24448,1.00,1.00
2017.07.11 02:00:58.803,1.24425,1.24448,1.00,1.50
2017.07.11 02:00:59.263,1.24422,1.24448,1.00,1.87
2017.07.11 02:01:01.079,1.24423,1.24446,1.00,1.00
2017.07.11 02:01:01.334,1.24424,1.24449,1.00,2.25
2017.07.11 02:01:01.386,1.24427,1.2445,1.00,1.00
2017.07.11 02:01:01.723,1.24429,1.24452,1.00,1.87
2017.07.11 02:01:01.826,1.24429,1.24454,1.12,1.87
2017.07.11 02:01:01.929,1.24429,1.24454,1.00,2.62
2017.07.11 02:01:02.235,1.2443,1.24451,1.00,1.37
2017.07.11 02:01:02.286,1.24428,1.24449,1.00,1.00
2017.07.11 02:01:02.337,1.24428,1.24449,1.00,1.50
2017.07.11 02:01:02.440,1.24426,1.24448,1.50,1.50
2017.07.11 02:01:02.654,1.24425,1.24446,1.12,1.75
2017.07.11 02:01:02.706,1.24423,1.24443,1.00,1.37
2017.07.11 02:01:02.860,1.2442,1.24443,1.00,1.50
2017.07.11 02:01:03.451,1.24422,1.24443,1.00,1.37
2017.07.11 02:01:03.961,1.24421,1.24443,1.00,1.37
2017.07.11 02:01:04.469,1.24422,1.24443,1.00,1.37
2017.07.11 02:01:05.646,1.24421,1.24443,1.00,3.00
2017.07.11 02:01:06.189,1.24422,1.24443,1.00,1.37
2017.07.11 02:01:07.466,1.2442,1.24443,1.00,1.37
2017.07.11 02:01:08.238,1.24422,1.24443,1.00,1.37
2017.07.11 02:01:10.849,1.2442,1.24443,1.00,1.87
2017.07.11 02:01:11.392,1.24421,1.24443,1.00,1.37
2017.07.11 02:01:12.112,1.24422,1.24443,1.00,1.37
2017.07.11 02:01:12.620,1.24421,1.24443,1.00,1.37
2017.07.11 02:01:14.366,1.24421,1.24445,1.00,1.37
2017.07.11 02:01:14.620,1.24424,1.24446,1.00,1.12
2017.07.11 02:01:14.722,1.24424,1.24448,1.00,1.12
2017.07.11 02:01:14.926,1.24427,1.24449,1.00,1.37
2017.07.11 02:01:15.616,1.24425,1.24449,1.00,1.37
2017.07.11 02:01:21.191,1.24428,1.24449,1.00,1.37
2017.07.11 02:01:21.242,1.24426,1.24449,1.10,1.37
2017.07.11 02:01:21.344,1.24428,1.24451,1.00,3.37
2017.07.11 02:01:21.667,1.24426,1.24448,1.00,1.37
2017.07.11 02:01:27.315,1.24424,1.24448,1.00,1.37
2017.07.11 02:01:42.345,1.24423,1.24446,1.00,1.00
2017.07.11 02:01:42.852,1.24422,1.24446,1.00,1.00
2017.07.11 02:01:51.536,1.24423,1.24446,1.00,1.00
2017.07.11 02:02:01.640,1.24425,1.24448,1.00,2.62
2017.07.11 02:02:02.310,1.24424,1.24448,1.00,1.87
2017.07.11 02:02:02.813,1.24424,1.24448,1.00,1.00
2017.07.11 02:02:03.436,1.24424,1.24448,1.00,1.37
2017.07.11 02:02:13.862,1.24424,1.24448,1.00,2.62
2017.07.11 02:02:14.386,1.24424,1.24448,1.00,1.37
2017.07.11 02:02:15.553,1.24422,1.24448,1.00,1.87
2017.07.11 02:02:15.706,1.24425,1.24448,1.00,1.87
2017.07.11 02:02:15.900,1.24423,1.24448,1.00,1.87
2017.07.11 02:02:16.999,1.24425,1.24448,1.00,1.87
2017.07.11 02:02:18.428,1.24426,1.24448,1.00,1.87
2017.07.11 02:02:18.940,1.24426,1.24449,1.00,1.50
2017.07.11 02:02:34.215,1.24426,1.24449,1.00,1.50
2017.07.11 02:02:56.630,1.24425,1.24448,1.00,1.00
2017.07.11 02:03:06.686,1.24424,1.24447,1.00,1.00
2017.07.11 02:03:07.688,1.24424,1.24449,1.00,1.37
2017.07.11 02:03:08.967,1.24424,1.24447,1.00,1.12
2017.07.11 02:03:09.554,1.24423,1.24446,1.00,1.00
2017.07.11 02:03:10.124,1.24423,1.24448,1.00,1.50
2017.07.11 02:03:14.738,1.24423,1.24446,1.00,1.00
2017.07.11 02:03:15.042,1.24425,1.24448,1.00,1.50
2017.07.11 02:03:17.124,1.24425,1.24448,1.00,1.12
2017.07.11 02:03:18.687,1.24424,1.24447,1.00,1.00
2017.07.11 02:03:20.007,1.24423,1.24446,1.00,1.00
2017.07.11 02:03:21.721,1.24423,1.24447,1.00,1.00
2017.07.11 02:03:22.580,1.24422,1.24447,1.00,1.00
2017.07.11 02:03:47.814,1.24421,1.24446,1.00,1.00
2017.07.11 02:03:51.723,1.24423,1.24448,1.00,2.25
2017.07.11 02:03:54.342,1.24425,1.24448,1.00,2.25
2017.07.11 02:03:54.932,1.24426,1.24449,1.00,1.75
2017.07.11 02:03:55.084,1.24424,1.24449,1.00,2.25
2017.07.11 02:03:59.355,1.24425,1.24449,1.00,2.25
2017.07.11 02:03:59.666,1.24425,1.24449,1.00,1.87
2017.07.11 02:04:05.958,1.24431,1.2445,1.00,2.62
2017.07.11 02:04:06.166,1.24431,1.24454,1.00,1.87
2017.07.11 02:04:06.217,1.24431,1.24454,1.00,1.50
2017.07.11 02:04:06.948,1.2443,1.24453,1.00,1.00
2017.07.11 02:04:09.909,1.2443,1.24454,1.00,1.00
2017.07.11 02:04:20.880,1.2443,1.24453,1.00,1.00
2017.07.11 02:04:21.287,1.24427,1.24451,1.00,1.00
2017.07.11 02:04:21.339,1.24426,1.24449,1.87,1.00
2017.07.11 02:04:22.266,1.24427,1.24449,1.00,1.00
2017.07.11 02:04:22.834,1.24427,1.2445,1.00,1.50
2017.07.11 02:04:23.496,1.24426,1.24449,1.00,1.00
2017.07.11 02:04:24.333,1.24427,1.2445,1.00,1.00
2017.07.11 02:04:25.230,1.24426,1.2445,1.00,1.50
2017.07.11 02:04:25.672,1.24428,1.2445,1.00,1.00
2017.07.11 02:04:37.868,1.24427,1.24451,1.00,1.37
2017.07.11 02:04:42.119,1.24427,1.24451,1.00,1.00
2017.07.11 02:04:57.463,1.24427,1.24449,1.00,1.00
2017.07.11 02:04:59.567,1.24425,1.24449,1.00,1.00
2017.07.11 02:04:59.619,1.24426,1.24451,1.00,1.12
2017.07.11 02:05:00.173,1.24425,1.24449,1.00,1.00
2017.07.11 02:05:00.483,1.24426,1.24451,1.00,1.12
2017.07.11 02:05:04.214,1.24428,1.24451,1.00,1.12
2017.07.11 02:05:11.169,1.24428,1.2445,1.00,1.00
2017.07.11 02:05:11.720,1.24427,1.2445,1.00,1.00
2017.07.11 02:05:11.771,1.24424,1.24448,1.00,1.00
2017.07.11 02:05:15.248,1.24424,1.24449,1.00,1.00
2017.07.11 02:05:15.977,1.24424,1.2445,1.00,1.12
2017.07.11 02:05:16.901,1.24426,1.24449,1.00,1.00
2017.07.11 02:05:17.458,1.24425,1.24448,1.00,1.00
2017.07.11 02:05:36.987,1.24425,1.24449,1.00,1.87
2017.07.11 02:05:38.040,1.24424,1.24449,1.00,1.87
2017.07.11 02:05:52.017,1.24425,1.24449,1.00,1.87
2017.07.11 02:05:53.020,1.24424,1.24449,1.00,1.87
2017.07.11 02:05:58.649,1.24429,1.24449,1.00,1.12
2017.07.11 02:05:58.700,1.24428,1.24452,1.00,1.87
2017.07.11 02:06:02.247,1.24428,1.24451,1.00,1.00
2017.07.11 02:06:03.604,1.24426,1.24451,1.00,1.00
2017.07.11 02:06:04.115,1.24428,1.2445,1.00,1.00
2017.07.11 02:06:04.652,1.24428,1.24451,1.00,1.50
2017.07.11 02:06:07.565,1.24426,1.24451,1.00,1.50
2017.07.11 02:06:08.106,1.24426,1.2445,1.00,1.00
2017.07.11 02:06:08.764,1.24426,1.24451,1.00,1.50
2017.07.11 02:06:09.909,1.24428,1.24451,1.00,1.00
2017.07.11 02:06:15.607,1.24426,1.24451,1.00,1.00
2017.07.11 02:06:16.280,1.24428,1.24451,1.00,1.00
2017.07.11 02:06:22.312,1.24428,1.24451,1.00,1.87
2017.07.11 02:06:23.619,1.24426,1.24451,1.00,2.25
2017.07.11 02:06:23.973,1.24428,1.24451,1.00,2.25
2017.07.11 02:06:31.584,1.24427,1.2445,1.00,1.12
2017.07.11 02:06:43.572,1.24432,1.24453,1.00,1.75
2017.07.11 02:06:44.422,1.24431,1.24453,1.00,1.75
2017.07.11 02:06:44.855,1.24429,1.24453,1.00,1.75
2017.07.11 02:06:57.021,1.24429,1.24454,1.00,2.25
2017.07.11 02:06:59.230,1.24431,1.24454,1.00,1.50
2017.07.11 02:07:22.821,1.24428,1.24454,1.00,1.50
2017.07.11 02:07:23.500,1.24427,1.24452,1.00,1.00
2017.07.11 02:07:23.705,1.24426,1.24449,1.00,1.00
2017.07.11 02:07:28.206,1.24425,1.24449,1.00,1.00
2017.07.11 02:07:28.537,1.24423,1.24448,1.00,1.00
2017.07.11 02:07:29.448,1.24423,1.24446,1.00,1.00
2017.07.11 02:07:37.227,1.24423,1.24447,1.00,1.00
2017.07.11 02:07:42.378,1.24425,1.24448,1.00,1.00
2017.07.11 02:07:42.840,1.24427,1.24447,1.00,1.00
2017.07.11 02:07:43.149,1.24427,1.2445,1.00,1.12
2017.07.11 02:07:52.257,1.24425,1.2445,1.00,1.12
2017.07.11 02:07:58.149,1.24426,1.2445,1.00,1.00
2017.07.11 02:08:02.644,1.24426,1.2445,1.00,1.37
2017.07.11 02:08:07.701,1.24426,1.2445,1.00,1.00
2017.07.11 02:08:13.239,1.24426,1.2445,1.00,1.37
2017.07.11 02:08:15.629,1.2443,1.24451,1.00,1.87
2017.07.11 02:08:15.978,1.24432,1.24454,1.00,1.00
2017.07.11 02:08:16.605,1.24431,1.24454,1.00,1.12
2017.07.11 02:08:20.703,1.2443,1.24454,1.00,1.12
2017.07.11 02:08:21.278,1.2443,1.24453,1.00,1.00
2017.07.11 02:08:23.057,1.2443,1.24452,1.00,1.00
2017.07.11 02:08:23.109,1.24428,1.24451,1.00,1.00
2017.07.11 02:08:23.160,1.24427,1.24453,1.00,1.12
2017.07.11 02:08:25.428,1.24433,1.24454,1.00,1.37
2017.07.11 02:08:25.530,1.24433,1.24455,1.00,1.00
2017.07.11 02:08:26.076,1.24433,1.24456,1.00,1.10
2017.07.11 02:08:26.432,1.24431,1.24456,1.00,1.10
2017.07.11 02:08:27.118,1.24431,1.24454,1.00,1.00
2017.07.11 02:08:38.155,1.2443,1.24454,1.00,1.00
2017.07.11 02:08:39.104,1.2443,1.24455,1.00,1.00
2017.07.11 02:08:42.518,1.24428,1.24454,1.12,1.00
2017.07.11 02:08:42.570,1.24432,1.24455,1.00,1.50
2017.07.11 02:08:42.876,1.24435,1.24454,1.00,1.00
2017.07.11 02:08:43.130,1.24433,1.24455,1.00,1.37
2017.07.11 02:08:44.238,1.24435,1.24453,1.00,1.00
2017.07.11 02:08:44.768,1.24434,1.24453,1.00,1.00
2017.07.11 02:08:45.397,1.24433,1.24456,1.00,1.75
2017.07.11 02:08:47.977,1.24433,1.24453,1.00,1.00
2017.07.11 02:08:49.389,1.24431,1.24453,1.00,1.00
2017.07.11 02:08:49.911,1.2443,1.24452,1.00,1.00
2017.07.11 02:08:51.450,1.24432,1.24455,1.00,2.25
2017.07.11 02:08:51.967,1.24431,1.24454,1.00,1.75
2017.07.11 02:08:54.530,1.24431,1.24453,1.00,1.00
2017.07.11 02:09:01.818,1.24431,1.24454,1.00,2.25
2017.07.11 02:09:02.686,1.24429,1.24454,1.00,2.25
2017.07.11 02:09:02.738,1.24427,1.24453,1.00,1.50
2017.07.11 02:09:03.200,1.24426,1.24446,1.00,1.00
2017.07.11 02:09:03.303,1.24423,1.24446,1.00,1.00
2017.07.11 02:09:03.812,1.24422,1.24445,1.00,1.00
2017.07.11 02:09:04.599,1.24423,1.24446,1.00,1.50
2017.07.11 02:09:07.445,1.24422,1.24445,1.00,1.00
2017.07.11 02:09:08.435,1.24423,1.24446,1.00,1.50
2017.07.11 02:09:09.328,1.24422,1.24445,1.00,1.00
2017.07.11 02:09:09.850,1.24422,1.24446,1.00,1.50
2017.07.11 02:09:10.861,1.24423,1.24446,1.00,1.00
2017.07.11 02:09:12.609,1.24421,1.24446,1.00,1.50
2017.07.11 02:09:15.496,1.24419,1.24443,1.00,1.00
2017.07.11 02:09:15.547,1.2442,1.24445,1.00,1.00
2017.07.11 02:09:15.598,1.24422,1.24445,1.00,1.00
2017.07.11 02:09:15.700,1.24417,1.24441,1.12,1.00
2017.07.11 02:09:15.752,1.24418,1.24443,1.00,1.12
2017.07.11 02:09:15.854,1.24416,1.24438,1.50,1.00
2017.07.11 02:09:16.058,1.24415,1.24438,1.00,1.50
2017.07.11 02:09:17.513,1.24417,1.24438,1.00,1.00
2017.07.11 02:09:17.718,1.24421,1.24444,1.00,1.87
2017.07.11 02:09:18.147,1.24422,1.24446,1.00,1.12
2017.07.11 02:09:21.126,1.24422,1.24445,1.00,1.00
2017.07.11 02:09:21.177,1.24419,1.24441,1.00,1.00
2017.07.11 02:09:21.228,1.24421,1.24444,1.00,1.87
2017.07.11 02:09:21.730,1.24421,1.24444,1.00,3.00
2017.07.11 02:09:22.174,1.24419,1.24443,1.00,1.12
2017.07.11 02:09:23.440,1.24418,1.24443,1.00,1.50
2017.07.11 02:09:23.985,1.24418,1.24441,1.00,1.00
2017.07.11 02:09:24.546,1.24419,1.24442,1.00,1.12
2017.07.11 02:09:26.700,1.24416,1.24442,1.00,1.12
2017.07.11 02:09:26.814,1.24418,1.24442,1.00,1.12
2017.07.11 02:09:27.120,1.24416,1.24439,1.00,1.00
2017.07.11 02:09:28.131,1.24414,1.24439,1.12,1.00
2017.07.11 02:09:29.836,1.24412,1.24435,3.00,1.00
2017.07.11 02:09:29.888,1.24412,1.24435,1.00,1.00
2017.07.11 02:09:29.939,1.24413,1.24438,1.12,1.00
2017.07.11 02:09:30.388,1.24417,1.2444,1.00,1.57
2017.07.11 02:09:30.542,1.24417,1.24442,1.00,1.00
2017.07.11 02:09:31.420,1.24417,1.24443,1.00,1.87
2017.07.11 02:09:32.670,1.24416,1.24439,1.00,1.00
2017.07.11 02:09:32.873,1.24411,1.24435,1.12,1.00
2017.07.11 02:09:32.925,1.24413,1.24436,1.37,1.00
2017.07.11 02:09:32.976,1.24411,1.24435,1.00,1.00
2017.07.11 02:09:33.698,1.24413,1.24437,1.00,1.87
2017.07.11 02:09:36.881,1.24412,1.24435,1.00,1.00
2017.07.11 02:09:37.513,1.24411,1.24436,1.50,1.87
2017.07.11 02:09:38.034,1.24412,1.24436,1.00,1.87
2017.07.11 02:09:43.402,1.24409,1.24434,1.00,1.12
2017.07.11 02:09:43.910,1.2441,1.24435,1.00,2.25
2017.07.11 02:09:44.114,1.24412,1.24436,2.62,1.87
2017.07.11 02:09:44.460,1.24416,1.2444,1.00,1.37
2017.07.11 02:09:44.511,1.24416,1.2444,1.00,1.00
2017.07.11 02:09:45.218,1.24418,1.24441,1.00,1.12
2017.07.11 02:09:47.371,1.24416,1.24439,1.50,1.00
2017.07.11 02:09:47.911,1.24415,1.24439,1.00,1.00
2017.07.11 02:09:49.428,1.24414,1.24438,1.00,1.00
2017.07.11 02:09:50.061,1.24413,1.24438,1.12,1.00
2017.07.11 02:09:51.221,1.24421,1.2444,1.00,1.00
2017.07.11 02:09:51.476,1.24421,1.24444,1.00,1.50
2017.07.11 02:09:51.832,1.24423,1.24443,1.12,1.00
2017.07.11 02:09:51.883,1.24423,1.24445,1.12,1.00
2017.07.11 02:09:51.934,1.2443,1.24445,1.00,1.00
2017.07.11 02:09:51.985,1.2443,1.24447,1.00,1.00
2017.07.11 02:09:52.036,1.24434,1.24452,1.12,1.37
2017.07.11 02:09:52.088,1.24434,1.24454,1.12,1.37
2017.07.11 02:09:52.291,1.24432,1.24453,1.00,1.00
2017.07.11 02:09:52.918,1.24431,1.24452,1.00,1.00
2017.07.11 02:09:53.499,1.24432,1.24452,1.00,1.00
2017.07.11 02:09:54.007,1.24431,1.24452,1.00,1.00
2017.07.11 02:09:56.713,1.24432,1.24452,1.00,1.00
2017.07.11 02:09:57.096,1.24435,1.24455,1.00,1.37
2017.07.11 02:09:57.249,1.2444,1.2446,1.00,1.00
2017.07.11 02:09:57.759,1.24441,1.24465,1.00,1.75
2017.07.11 02:09:59.718,1.24441,1.24465,1.00,1.00
2017.07.11 02:10:00.836,1.24441,1.24464,1.00,1.00
2017.07.11 02:10:01.400,1.2444,1.24464,1.00,1.00
2017.07.11 02:10:02.047,1.2444,1.24463,1.00,1.00
2017.07.11 02:10:02.558,1.2444,1.24464,1.00,1.00
2017.07.11 02:10:03.848,1.2444,1.24465,1.00,1.50
2017.07.11 02:10:04.074,1.24437,1.24463,1.37,1.00
2017.07.11 02:10:04.383,1.24434,1.24457,1.00,1.00
2017.07.11 02:10:05.076,1.24434,1.24456,1.00,1.00
2017.07.11 02:10:05.578,1.24433,1.24456,1.00,1.00
2017.07.11 02:10:06.095,1.24433,1.24458,1.00,1.12
2017.07.11 02:10:06.599,1.24433,1.24457,1.00,1.00
2017.07.11 02:10:07.116,1.24433,1.24456,1.00,1.00
2017.07.11 02:10:12.873,1.24432,1.24456,1.00,1.00
2017.07.11 02:10:12.924,1.24439,1.24456,1.00,1.00
2017.07.11 02:10:13.130,1.24437,1.24456,1.00,1.00
2017.07.11 02:10:13.284,1.24437,1.24459,1.00,1.00
2017.07.11 02:10:13.819,1.24438,1.24459,1.00,1.00
2017.07.11 02:10:14.359,1.24439,1.24459,1.00,1.00
2017.07.11 02:10:15.768,1.24438,1.24459,1.00,1.00
2017.07.11 02:10:16.209,1.24438,1.24462,1.00,1.00
2017.07.11 02:10:21.140,1.24439,1.24462,1.00,1.00
2017.07.11 02:10:21.712,1.24441,1.24462,1.00,1.00
2017.07.11 02:10:22.243,1.2444,1.24462,1.00,1.00
2017.07.11 02:10:22.295,1.2444,1.24465,1.00,1.50
2017.07.11 02:10:22.827,1.24441,1.24464,1.00,1.12
2017.07.11 02:10:23.070,1.24445,1.24464,1.00,1.00
2017.07.11 02:10:23.223,1.24449,1.2447,1.00,1.12
2017.07.11 02:10:24.298,1.2445,1.24471,1.00,1.87
2017.07.11 02:10:35.777,1.24448,1.24471,1.00,1.37
2017.07.11 02:10:35.933,1.24448,1.24473,1.00,1.12
2017.07.11 02:10:38.204,1.24449,1.24473,1.00,1.00
2017.07.11 02:10:38.751,1.24449,1.24474,1.00,1.12
2017.07.11 02:10:44.159,1.24457,1.24474,1.00,1.12
2017.07.11 02:10:44.362,1.24457,1.2448,1.00,1.00
2017.07.11 02:10:44.878,1.24457,1.24479,1.00,1.00
2017.07.11 02:10:45.438,1.24456,1.24479,1.00,1.00
2017.07.11 02:10:49.256,1.24457,1.24479,1.00,1.00
2017.07.11 02:10:55.242,1.24457,1.2448,1.00,1.00
2017.07.11 02:10:55.807,1.24457,1.24479,1.00,1.00
2017.07.11 02:10:56.286,1.24457,1.24482,1.00,2.70
2017.07.11 02:10:58.514,1.24456,1.2448,1.00,1.00
2017.07.11 02:10:58.567,1.24451,1.24477,1.87,1.20
2017.07.11 02:10:59.090,1.24455,1.24476,1.00,1.50
2017.07.11 02:10:59.461,1.24455,1.24474,1.00,1.00
2017.07.11 02:10:59.512,1.24455,1.24479,1.00,2.62
2017.07.11 02:11:00.125,1.24456,1.24479,1.00,1.12
2017.07.11 02:11:02.249,1.24455,1.24479,1.00,2.25
2017.07.11 02:11:02.773,1.24456,1.24479,1.00,1.50
2017.07.11 02:11:04.309,1.24456,1.24479,1.00,1.87
2017.07.11 02:11:04.835,1.24455,1.24479,1.00,1.87
2017.07.11 02:11:05.551,1.24455,1.24474,1.00,1.00
2017.07.11 02:11:06.007,1.24455,1.24479,1.00,1.00
2017.07.11 02:11:06.713,1.24455,1.2448,1.00,1.12
2017.07.11 02:11:07.235,1.24455,1.24479,1.00,1.00
2017.07.11 02:11:09.208,1.24455,1.2448,1.00,1.12
2017.07.11 02:11:11.503,1.24456,1.24479,1.00,1.00
2017.07.11 02:11:12.077,1.24455,1.2448,1.00,1.87
2017.07.11 02:11:12.648,1.24456,1.24481,1.00,1.00
2017.07.11 02:11:12.802,1.24456,1.2448,1.00,1.37
2017.07.11 02:11:13.327,1.24456,1.2448,1.00,1.00
2017.07.11 02:11:13.976,1.24456,1.24481,1.00,1.00
2017.07.11 02:11:14.505,1.24455,1.2448,1.00,1.00
2017.07.11 02:11:15.060,1.24456,1.2448,1.00,1.00
2017.07.11 02:11:15.626,1.24456,1.24481,1.00,1.00
2017.07.11 02:11:16.651,1.24456,1.24479,1.00,1.00
2017.07.11 02:11:17.181,1.24456,1.2448,1.00,1.00
2017.07.11 02:11:17.691,1.24456,1.24481,1.00,1.50
2017.07.11 02:11:20.273,1.24458,1.24481,1.00,1.50
2017.07.11 02:11:20.375,1.24453,1.24481,1.87,1.00
2017.07.11 02:11:20.527,1.24456,1.24481,1.00,1.50
2017.07.11 02:11:20.851,1.24453,1.24481,1.12,1.50
2017.07.11 02:11:21.393,1.24454,1.2448,1.00,1.00
2017.07.11 02:11:22.204,1.24456,1.2448,1.00,1.00
2017.07.11 02:11:22.485,1.24456,1.24482,1.50,1.50
2017.07.11 02:11:26.016,1.24453,1.24479,1.87,1.00
2017.07.11 02:11:26.306,1.24451,1.24478,1.50,1.00
2017.07.11 02:11:26.813,1.24451,1.24479,1.50,1.00
2017.07.11 02:11:27.341,1.24452,1.24479,1.00,1.00
2017.07.11 02:11:28.329,1.24453,1.24479,1.00,1.00
2017.07.11 02:11:54.579,1.24454,1.24479,1.00,1.50
2017.07.11 02:11:54.631,1.24459,1.2448,1.00,1.00
2017.07.11 02:11:54.733,1.24459,1.24482,1.00,1.12
2017.07.11 02:11:56.686,1.2446,1.24482,1.00,1.00
2017.07.11 02:11:57.933,1.24457,1.24482,1.12,1.00
2017.07.11 02:11:58.085,1.24455,1.24481,1.12,1.00
2017.07.11 02:11:58.747,1.24455,1.24482,1.87,1.50
2017.07.11 02:11:59.328,1.24456,1.24482,1.00,1.50
2017.07.11 02:11:59.807,1.24454,1.24482,1.00,1.87
2017.07.11 02:11:59.960,1.24454,1.2448,1.00,1.00
2017.07.11 02:12:00.214,1.24454,1.24482,1.00,2.70
2017.07.11 02:12:01.504,1.24454,1.24481,1.00,1.00
2017.07.11 02:12:02.057,1.24454,1.24482,1.00,1.20
2017.07.11 02:12:02.159,1.24454,1.2448,1.00,1.00
2017.07.11 02:12:02.583,1.24452,1.24481,1.87,1.00
2017.07.11 02:12:07.333,1.24453,1.24481,1.00,1.00
2017.07.11 02:12:09.515,1.24454,1.24481,1.00,1.00
2017.07.11 02:12:12.019,1.24461,1.24482,1.00,1.00
2017.07.11 02:12:12.528,1.24461,1.24483,1.00,1.00
2017.07.11 02:12:13.098,1.24462,1.24483,1.00,1.00
2017.07.11 02:12:13.810,1.24462,1.24482,1.00,1.00
2017.07.11 02:12:17.978,1.24462,1.24483,1.00,1.00
2017.07.11 02:12:19.563,1.2446,1.24483,1.00,1.00
2017.07.11 02:12:20.098,1.2446,1.24482,1.50,1.00
2017.07.11 02:12:20.640,1.2446,1.24483,1.00,1.00
2017.07.11 02:12:21.197,1.24461,1.24483,1.00,1.00
2017.07.11 02:12:23.610,1.24461,1.24482,1.00,1.00
2017.07.11 02:12:23.926,1.24463,1.24482,1.00,1.00
2017.07.11 02:12:24.433,1.24463,1.24483,1.00,1.00
2017.07.11 02:12:24.995,1.24462,1.24483,1.50,1.00
2017.07.11 02:12:25.705,1.24462,1.24482,1.50,1.00
2017.07.11 02:12:26.929,1.24462,1.24483,1.00,1.00
2017.07.11 02:12:28.174,1.24462,1.24482,1.00,1.00
2017.07.11 02:12:28.871,1.24462,1.24483,1.00,1.00
2017.07.11 02:12:29.471,1.24462,1.24482,1.00,1.00
2017.07.11 02:12:29.995,1.24462,1.24483,1.00,1.00
2017.07.11 02:12:30.695,1.24462,1.24482,1.50,1.00
2017.07.11 02:12:32.969,1.24462,1.24483,1.00,1.00
2017.07.11 02:12:34.683,1.24462,1.24482,1.00,1.00
2017.07.11 02:12:35.209,1.24461,1.24483,1.50,1.00
2017.07.11 02:12:36.091,1.24461,1.24482,1.50,1.00
2017.07.11 02:12:40.313,1.24461,1.24483,1.50,1.00
2017.07.11 02:12:40.946,1.24461,1.24482,2.25,1.00
2017.07.11 02:12:41.479,1.24461,1.24483,1.50,1.00
2017.07.11 02:12:42.216,1.24461,1.24482,1.50,1.00
2017.07.11 02:12:42.877,1.24461,1.24483,1.50,1.00
2017.07.11 02:12:44.429,1.24461,1.24482,1.50,1.00
2017.07.11 02:12:46.466,1.24461,1.24483,1.50,1.00
2017.07.11 02:12:58.601,1.24461,1.24482,1.00,1.00
2017.07.11 02:12:59.262,1.24462,1.24482,1.50,1.00
2017.07.11 02:12:59.818,1.24462,1.24483,2.25,1.00
2017.07.11 02:13:01.046,1.24466,1.24483,1.00,1.00
2017.07.11 02:13:01.611,1.24463,1.24483,1.57,1.00
2017.07.11 02:13:01.865,1.24461,1.24482,1.87,1.00
2017.07.11 02:13:02.366,1.24461,1.24483,1.87,1.00
2017.07.11 02:13:02.880,1.24462,1.24483,1.00,1.00
2017.07.11 02:13:07.192,1.24461,1.24483,1.00,1.00
2017.07.11 02:13:07.869,1.24462,1.24483,1.00,1.00
2017.07.11 02:13:10.780,1.24462,1.24482,1.00,1.00
2017.07.11 02:13:11.501,1.24462,1.24483,1.00,1.00
2017.07.11 02:13:13.594,1.24462,1.24482,1.00,1.00
2017.07.11 02:13:15.942,1.24462,1.24483,1.00,1.00
2017.07.11 02:13:16.657,1.24462,1.24482,1.00,1.00
2017.07.11 02:13:20.442,1.24462,1.24483,1.00,1.00
2017.07.11 02:13:20.950,1.24462,1.24482,1.00,1.00
2017.07.11 02:13:39.390,1.24462,1.24483,1.00,1.00
2017.07.11 02:13:40.066,1.24462,1.24482,1.00,1.00
2017.07.11 02:13:41.010,1.24461,1.24482,1.00,1.00
2017.07.11 02:13:43.413,1.24461,1.24483,1.00,1.00
2017.07.11 02:13:48.721,1.24462,1.24483,1.00,1.00
2017.07.11 02:13:53.851,1.24462,1.24482,1.00,1.00
2017.07.11 02:13:58.663,1.24462,1.24483,1.50,1.00
2017.07.11 02:14:02.992,1.24462,1.24482,1.50,1.00
2017.07.11 02:14:03.897,1.24462,1.24483,1.50,1.00
2017.07.11 02:14:04.236,1.24464,1.24482,1.00,1.00
2017.07.11 02:14:04.743,1.24463,1.24482,1.00,1.00
2017.07.11 02:14:05.374,1.24462,1.24483,1.50,1.00
2017.07.11 02:14:20.616,1.24462,1.24482,1.50,1.00
2017.07.11 02:14:21.738,1.24462,1.24483,1.50,1.00
2017.07.11 02:14:25.380,1.24463,1.24483,1.00,1.00
2017.07.11 02:14:29.381,1.24463,1.24482,1.00,1.00
2017.07.11 02:14:37.158,1.24464,1.24482,1.00,1.00
2017.07.11 02:14:38.039,1.24464,1.24483,1.00,1.00
2017.07.11 02:14:45.466,1.24463,1.24483,1.50,1.00
2017.07.11 02:14:52.981,1.24463,1.24482,1.00,1.00
2017.07.11 02:15:00.603,1.24464,1.24482,1.00,1.00
2017.07.11 02:15:01.129,1.24463,1.24482,1.00,1.00
2017.07.11 02:15:17.650,1.24464,1.24482,1.00,1.00
2017.07.11 02:15:19.741,1.24464,1.2449,1.00,1.00
2017.07.11 02:15:20.481,1.24463,1.2449,1.00,1.00
2017.07.11 02:15:20.532,1.24463,1.24492,1.50,1.12
2017.07.11 02:15:25.035,1.24464,1.24492,1.00,1.12
2017.07.11 02:15:26.239,1.24463,1.24492,1.00,1.87
2017.07.11 02:15:27.801,1.24464,1.24492,1.00,1.87
2017.07.11 02:15:27.852,1.24464,1.2449,1.00,1.00
2017.07.11 02:15:27.954,1.24462,1.2449,1.87,1.00
2017.07.11 02:15:39.548,1.24462,1.2449,2.32,1.00
2017.07.11 02:15:42.584,1.24462,1.2449,1.95,1.00
2017.07.11 02:15:43.306,1.24462,1.2449,1.87,1.00
2017.07.11 02:15:44.002,1.24462,1.24484,1.00,1.50
2017.07.11 02:15:44.155,1.24456,1.24482,3.71,1.00
2017.07.11 02:15:44.969,1.24456,1.24484,3.71,1.50
2017.07.11 02:15:45.071,1.24456,1.24482,3.71,1.00
2017.07.11 02:15:46.167,1.24457,1.24483,1.12,1.00
2017.07.11 02:15:51.120,1.24456,1.24482,2.70,1.00
2017.07.11 02:15:53.035,1.24456,1.24484,2.70,1.50
2017.07.11 02:15:55.774,1.24456,1.24482,1.87,1.00
2017.07.11 02:15:56.534,1.24456,1.24483,1.87,1.00
2017.07.11 02:15:58.823,1.24456,1.24484,1.87,1.50
2017.07.11 02:15:59.311,1.24455,1.24481,2.62,1.00
2017.07.11 02:15:59.618,1.24455,1.24479,1.00,1.00
2017.07.11 02:16:00.142,1.24456,1.24479,1.00,1.00
2017.07.11 02:16:00.649,1.24456,1.2448,1.00,1.00
2017.07.11 02:16:01.590,1.24456,1.24481,1.00,1.00
2017.07.11 02:16:02.259,1.24455,1.24481,1.50,1.00
2017.07.11 02:16:08.395,1.24454,1.2448,1.00,1.00
2017.07.11 02:16:15.111,1.24453,1.2448,2.25,1.00
2017.07.11 02:16:16.503,1.24453,1.24479,1.50,1.00
2017.07.11 02:16:19.248,1.24453,1.2448,2.25,1.00
2017.07.11 02:16:19.589,1.24456,1.24481,1.00,1.00
2017.07.11 02:16:21.199,1.24453,1.24479,2.25,1.00
2017.07.11 02:16:21.767,1.24452,1.24479,1.50,1.00
2017.07.11 02:16:26.582,1.24452,1.24474,2.25,1.00
2017.07.11 02:16:26.694,1.24452,1.2448,2.25,1.50
2017.07.11 02:16:27.347,1.24452,1.24479,2.32,1.00
2017.07.11 02:16:27.524,1.24455,1.24479,1.00,1.00
2017.07.11 02:16:28.088,1.24455,1.2448,1.50,1.00
2017.07.11 02:16:34.709,1.24455,1.24482,1.00,1.12
2017.07.11 02:16:38.305,1.24454,1.24482,1.95,1.12
2017.07.11 02:16:39.307,1.24455,1.24482,1.00,1.12
2017.07.11 02:16:40.978,1.24454,1.2448,1.95,1.00
2017.07.11 02:16:41.490,1.24452,1.24479,1.50,1.00
2017.07.11 02:17:07.141,1.24451,1.24479,1.95,1.37
2017.07.11 02:17:07.523,1.24451,1.24479,1.95,1.37
2017.07.11 02:17:08.365,1.24452,1.2448,1.00,4.87
2017.07.11 02:17:23.395,1.24451,1.24479,2.70,1.87
2017.07.11 02:17:26.431,1.24451,1.24479,2.70,1.00
2017.07.11 02:17:26.533,1.24453,1.24479,1.00,1.50
2017.07.11 02:17:44.637,1.24454,1.2448,1.00,1.37
2017.07.11 02:17:57.181,1.24455,1.24482,1.00,2.62
2017.07.11 02:17:57.766,1.24454,1.24482,1.00,3.00
2017.07.11 02:18:01.384,1.24452,1.24479,1.20,1.12
2017.07.11 02:18:13.170,1.24454,1.2448,1.00,2.25
2017.07.11 02:18:18.044,1.24452,1.2448,1.12,2.25
2017.07.11 02:18:24.218,1.24452,1.2448,1.50,1.87
2017.07.11 02:18:24.269,1.24452,1.24478,1.50,1.00
2017.07.11 02:18:59.235,1.24452,1.2448,1.50,1.50
2017.07.11 02:18:59.286,1.24454,1.24481,1.00,1.87
2017.07.11 02:19:06.577,1.24454,1.2448,1.50,1.00
2017.07.11 02:19:06.885,1.24456,1.24482,1.50,1.50
2017.07.11 02:19:08.620,1.24456,1.24483,1.95,1.37
2017.07.11 02:19:09.405,1.24457,1.24483,1.00,1.00
2017.07.11 02:19:10.058,1.24457,1.24484,1.00,1.00
2017.07.11 02:19:10.642,1.24457,1.24483,1.00,1.00
2017.07.11 02:19:19.649,1.24456,1.24483,1.95,1.00
2017.07.11 02:19:24.638,1.24456,1.24481,1.87,1.00
2017.07.11 02:19:30.838,1.24455,1.24482,1.12,1.00
2017.07.11 02:19:31.383,1.24455,1.24483,1.87,1.00
2017.07.11 02:19:39.584,1.24455,1.24481,1.87,1.00
2017.07.11 02:19:41.839,1.24456,1.24482,1.00,1.00
2017.07.11 02:19:42.358,1.24455,1.24481,1.87,1.00
2017.07.11 02:19:43.082,1.24455,1.24482,1.12,1.12
2017.07.11 02:19:43.405,1.24455,1.2448,1.12,1.00
2017.07.11 02:20:00.093,1.24454,1.2448,1.50,1.00
2017.07.11 02:20:00.600,1.24455,1.2448,1.00,1.00
2017.07.11 02:20:01.329,1.24454,1.2448,1.50,1.00
2017.07.11 02:20:02.041,1.24456,1.2448,1.00,1.00
2017.07.11 02:20:02.093,1.24454,1.2448,1.50,1.00
2017.07.11 02:20:02.794,1.24456,1.24482,1.00,1.12
2017.07.11 02:20:03.351,1.24457,1.24483,1.50,1.50
2017.07.11 02:20:16.569,1.24458,1.24483,1.00,2.62
2017.07.11 02:20:16.824,1.24456,1.24484,1.50,3.00
2017.07.11 02:20:17.440,1.24457,1.24484,1.00,3.00
2017.07.11 02:20:19.042,1.24456,1.24484,1.50,1.50
2017.07.11 02:20:19.560,1.24457,1.24484,1.00,1.50
2017.07.11 02:20:23.537,1.24457,1.24484,1.00,3.75
2017.07.11 02:20:23.843,1.24461,1.24484,1.00,1.12
2017.07.11 02:20:24.266,1.24458,1.24484,2.25,3.37
2017.07.11 02:20:24.803,1.24458,1.24484,1.50,1.87
2017.07.11 02:20:30.773,1.24458,1.24483,1.00,1.37
2017.07.11 02:20:30.926,1.24456,1.24482,1.50,1.12
2017.07.11 02:20:31.435,1.24456,1.24482,1.00,1.37
2017.07.11 02:20:31.954,1.24455,1.24482,1.12,1.37
2017.07.11 02:20:37.690,1.24455,1.24479,1.12,1.00
2017.07.11 02:20:42.313,1.24455,1.24482,1.12,1.37
2017.07.11 02:20:42.773,1.24455,1.24479,1.12,1.00
2017.07.11 02:20:42.879,1.24456,1.24482,1.00,1.37
2017.07.11 02:20:43.217,1.24455,1.24479,1.12,1.00
2017.07.11 02:20:44.822,1.24456,1.24481,1.00,2.62
2017.07.11 02:20:45.345,1.24455,1.24481,1.12,1.87
2017.07.11 02:20:50.290,1.24455,1.2448,1.00,1.00
2017.07.11 02:20:50.963,1.24455,1.24481,1.50,1.12
2017.07.11 02:20:52.596,1.24456,1.24481,1.00,1.12
2017.07.11 02:21:03.005,1.24456,1.24481,1.00,1.37
2017.07.11 02:21:14.052,1.24454,1.24479,1.00,1.87
2017.07.11 02:21:14.618,1.24455,1.24479,1.00,1.87
2017.07.11 02:21:15.610,1.24453,1.24479,1.00,1.87
2017.07.11 02:21:20.975,1.24455,1.24479,1.00,1.50
2017.07.11 02:21:21.026,1.24453,1.24479,1.00,1.50
2017.07.11 02:21:27.295,1.24455,1.2448,1.00,3.37
2017.07.11 02:21:27.889,1.24455,1.2448,1.00,1.87
2017.07.11 02:21:28.234,1.24452,1.24479,1.00,1.12
2017.07.11 02:21:29.529,1.24452,1.2448,1.00,3.37
2017.07.11 02:21:30.142,1.24452,1.24479,1.00,1.00
2017.07.11 02:21:38.908,1.24454,1.24479,1.00,1.12
2017.07.11 02:21:40.078,1.24454,1.24479,1.00,1.37
2017.07.11 02:21:40.579,1.24453,1.24479,1.00,1.87
2017.07.11 02:21:42.378,1.24454,1.24479,1.00,1.87
2017.07.11 02:21:42.531,1.24452,1.24479,1.00,1.87
2017.07.11 02:21:56.655,1.24452,1.24478,1.50,1.00
2017.07.11 02:21:58.944,1.24452,1.24479,1.50,1.50
2017.07.11 02:22:09.742,1.24451,1.24479,3.00,1.50
2017.07.11 02:22:10.301,1.24452,1.24479,1.50,1.50
2017.07.11 02:22:29.221,1.24452,1.24478,1.00,1.00
2017.07.11 02:22:37.061,1.24451,1.24479,1.87,1.50
2017.07.11 02:22:37.889,1.24451,1.24479,1.87,1.12
2017.07.11 02:22:39.319,1.24453,1.24479,1.00,1.87
2017.07.11 02:22:42.217,1.24453,1.24479,1.00,3.00
2017.07.11 02:22:46.704,1.24451,1.24479,2.25,1.87
2017.07.11 02:22:54.089,1.24452,1.24479,1.00,2.62
2017.07.11 02:22:55.117,1.24453,1.24479,1.00,2.62
2017.07.11 02:22:55.910,1.2445,1.24476,1.50,1.00
2017.07.11 02:22:56.012,1.24451,1.24479,1.50,3.37
2017.07.11 02:22:56.812,1.24451,1.24475,1.50,1.00
2017.07.11 02:22:57.336,1.24452,1.24475,1.00,1.00
2017.07.11 02:22:58.522,1.24452,1.24479,1.00,1.87
2017.07.11 02:22:58.951,1.2445,1.24474,1.87,1.00
2017.07.11 02:22:59.460,1.24449,1.24475,1.37,1.00
2017.07.11 02:22:59.981,1.24451,1.24475,1.00,1.00
2017.07.11 02:23:00.554,1.24449,1.24475,1.37,1.00
2017.07.11 02:23:01.102,1.24449,1.24475,1.87,1.00
2017.07.11 02:23:01.526,1.24447,1.24473,2.25,1.00
2017.07.11 02:23:01.782,1.24445,1.24473,2.25,2.62
2017.07.11 02:23:02.370,1.24447,1.24473,1.00,2.62
2017.07.11 02:23:02.919,1.24446,1.24473,2.25,1.75
2017.07.11 02:23:05.205,1.24447,1.24473,1.00,1.75
2017.07.11 02:23:05.749,1.24446,1.24472,1.50,1.87
2017.07.11 02:23:06.078,1.24448,1.24473,1.00,1.75
2017.07.11 02:23:06.283,1.24451,1.24474,1.00,1.00
2017.07.11 02:23:06.334,1.24448,1.24474,1.12,1.50
2017.07.11 02:23:06.436,1.2445,1.24474,1.00,1.00
2017.07.11 02:23:12.009,1.24451,1.24474,1.00,1.00
2017.07.11 02:23:21.786,1.24451,1.24475,1.00,1.00
2017.07.11 02:23:24.041,1.2445,1.24475,1.00,1.00
2017.07.11 02:23:30.197,1.2445,1.24475,1.00,1.50
2017.07.11 02:23:30.802,1.24451,1.24475,1.00,1.50
2017.07.11 02:23:36.344,1.24451,1.24475,1.00,1.50
2017.07.11 02:23:36.850,1.24451,1.24475,1.00,1.50
2017.07.11 02:23:46.858,1.24451,1.24477,1.00,3.75
2017.07.11 02:23:54.015,1.2445,1.24477,1.00,3.75
2017.07.11 02:24:06.344,1.2445,1.24473,1.00,1.00
2017.07.11 02:24:06.651,1.24446,1.24472,1.00,1.00
2017.07.11 02:24:09.232,1.24445,1.24472,1.00,1.00
2017.07.11 02:24:29.082,1.24448,1.24472,1.87,1.00
2017.07.11 02:24:56.461,1.24448,1.24474,1.87,2.25
2017.07.11 02:25:04.233,1.24451,1.24473,1.00,1.12
2017.07.11 02:25:07.932,1.24448,1.24473,1.87,1.12
2017.07.11 02:25:15.330,1.24447,1.24471,1.87,1.00
2017.07.11 02:25:28.970,1.24447,1.24469,1.87,1.00
2017.07.11 02:25:35.313,1.24447,1.24471,1.87,1.00
2017.07.11 02:25:35.415,1.24447,1.24469,1.87,1.00
2017.07.11 02:25:35.466,1.24447,1.24471,1.87,1.00
2017.07.11 02:25:46.913,1.24445,1.24472,1.87,1.87
2017.07.11 02:25:47.015,1.24447,1.24474,2.70,2.25
2017.07.11 02:25:47.202,1.24447,1.24475,3.75,1.00
2017.07.11 02:25:47.931,1.24447,1.24474,3.75,1.00
2017.07.11 02:25:58.211,1.24447,1.24475,3.75,1.50
2017.07.11 02:25:58.377,1.24447,1.24473,1.87,1.00
2017.07.11 02:25:58.581,1.24446,1.24472,1.12,1.00
2017.07.11 02:25:59.212,1.24446,1.24472,1.20,1.00
2017.07.11 02:25:59.315,1.24449,1.24475,1.00,2.25
2017.07.11 02:25:59.772,1.24451,1.24475,1.00,1.75
2017.07.11 02:25:59.957,1.24449,1.24474,1.00,1.50
2017.07.11 02:26:01.617,1.2445,1.24474,1.00,1.50
2017.07.11 02:26:02.122,1.24451,1.24476,1.00,1.75
2017.07.11 02:26:02.277,1.24451,1.24477,1.00,1.00
2017.07.11 02:26:07.999,1.24451,1.24474,1.00,1.00
2017.07.11 02:26:08.049,1.24451,1.24477,1.00,1.00
2017.07.11 02:26:09.010,1.24451,1.24479,1.00,3.00
2017.07.11 02:26:14.233,1.24451,1.24477,1.50,1.00
2017.07.11 02:26:14.787,1.24451,1.24478,1.50,1.12
2017.07.11 02:26:17.136,1.24451,1.24477,1.00,1.00
2017.07.11 02:26:17.239,1.24455,1.24479,1.00,1.50
2017.07.11 02:26:17.290,1.24451,1.24479,1.50,2.25
2017.07.11 02:26:17.443,1.24451,1.24476,1.50,1.00
2017.07.11 02:26:17.748,1.24455,1.24476,1.00,1.00
2017.07.11 02:26:26.950,1.24451,1.24476,1.50,1.00
2017.07.11 02:26:41.828,1.24451,1.24478,2.25,1.12
2017.07.11 02:26:44.188,1.24452,1.24479,1.00,2.25
2017.07.11 02:26:44.962,1.24453,1.24478,1.00,1.12
2017.07.11 02:26:48.806,1.24456,1.24478,1.00,1.12
2017.07.11 02:26:48.857,1.24453,1.24478,1.00,1.12
2017.07.11 02:26:49.149,1.24455,1.24478,1.00,1.12
2017.07.11 02:26:49.690,1.24454,1.2448,1.00,1.50
2017.07.11 02:26:50.258,1.24453,1.24479,1.00,1.12
2017.07.11 02:26:53.814,1.24456,1.24479,1.00,1.12
2017.07.11 02:26:56.312,1.24452,1.24479,1.00,1.12
2017.07.11 02:26:58.020,1.24452,1.24478,1.00,1.00
2017.07.11 02:27:09.587,1.24452,1.24479,1.00,3.00
2017.07.11 02:27:10.615,1.24452,1.24478,1.00,1.00
2017.07.11 02:27:14.627,1.24452,1.24479,1.00,2.25
2017.07.11 02:27:15.147,1.24456,1.24479,1.00,1.00
2017.07.11 02:27:18.347,1.24452,1.24478,1.50,1.00
2017.07.11 02:27:19.146,1.24451,1.24479,2.25,2.25
2017.07.11 02:27:19.972,1.24451,1.24477,3.00,1.00
2017.07.11 02:27:26.774,1.24451,1.24478,2.25,1.12
2017.07.11 02:27:34.880,1.24452,1.24478,1.00,1.12
2017.07.11 02:27:50.918,1.24452,1.24479,1.12,1.50
2017.07.11 02:28:09.940,1.24452,1.24479,1.12,1.50
2017.07.11 02:28:39.779,1.24451,1.24479,1.87,1.37
2017.07.11 02:28:49.032,1.2445,1.24476,2.62,1.00
2017.07.11 02:28:49.084,1.2445,1.24478,2.25,1.50
2017.07.11 02:28:49.629,1.24451,1.24477,1.00,1.50
2017.07.11 02:28:55.774,1.24451,1.24477,1.20,1.50
2017.07.11 02:28:56.090,1.24451,1.24478,1.00,1.12
2017.07.11 02:29:09.964,1.2445,1.24478,1.50,2.25
2017.07.11 02:29:10.838,1.24451,1.24478,1.00,2.25
2017.07.11 02:29:24.397,1.2445,1.24475,1.00,1.00
2017.07.11 02:29:24.601,1.24446,1.24474,3.00,2.25
2017.07.11 02:29:26.313,1.24446,1.24473,1.00,1.00
2017.07.11 02:29:26.466,1.24446,1.2447,1.12,1.00
2017.07.11 02:29:39.529,1.24445,1.2447,1.12,1.00
2017.07.11 02:29:54.900,1.24445,1.24472,1.00,1.20
2017.07.11 02:29:58.396,1.24446,1.24472,1.00,1.20
2017.07.11 02:30:01.198,1.24446,1.24472,1.00,1.20
2017.07.11 02:30:09.931,1.24446,1.24471,1.00,1.00
2017.07.11 02:30:20.599,1.24446,1.2447,1.00,1.00
2017.07.11 02:30:34.690,1.24446,1.24471,1.00,1.12
2017.07.11 02:30:39.643,1.24445,1.24472,1.50,2.62
2017.07.11 02:30:39.948,1.24439,1.24462,1.00,1.00
2017.07.11 02:30:40.161,1.24436,1.24462,2.25,1.00
2017.07.11 02:30:41.822,1.24437,1.24462,1.00,1.00
2017.07.11 02:30:47.830,1.24436,1.24462,2.25,1.00
2017.07.11 02:30:56.033,1.24437,1.24462,1.00,1.00
2017.07.11 02:30:57.986,1.24437,1.24464,1.00,2.25
2017.07.11 02:30:58.623,1.24436,1.24464,1.50,3.00
2017.07.11 02:31:13.980,1.24436,1.24464,1.50,1.87
2017.07.11 02:31:30.664,1.24436,1.24463,1.50,2.32
2017.07.11 02:31:40.202,1.24436,1.24463,1.50,1.87
2017.07.11 02:31:42.914,1.24436,1.24462,1.50,1.00
2017.07.11 02:31:43.650,1.24436,1.24463,1.50,1.95
2017.07.11 02:31:44.186,1.24436,1.24462,1.50,1.10
2017.07.11 02:31:50.989,1.24436,1.24463,1.00,2.32
2017.07.11 02:32:05.909,1.24436,1.24462,1.00,1.10
2017.07.11 02:32:06.389,1.24434,1.24462,1.50,1.10
2017.07.11 02:32:06.440,1.24434,1.24458,1.50,1.00
2017.07.11 02:32:06.643,1.24431,1.24456,1.00,1.00
2017.07.11 02:32:06.746,1.24431,1.24458,1.00,1.95
2017.07.11 02:32:07.704,1.24431,1.24457,1.00,1.00
2017.07.11 02:32:10.289,1.24431,1.24454,1.00,1.57
2017.07.11 02:32:10.545,1.24426,1.24453,1.50,1.57
2017.07.11 02:32:10.792,1.24426,1.24452,1.50,1.57
2017.07.11 02:32:22.579,1.24426,1.24447,1.00,1.00
2017.07.11 02:32:22.794,1.24421,1.24447,1.00,1.45
2017.07.11 02:32:24.661,1.24426,1.24447,1.00,1.45
2017.07.11 02:32:27.536,1.24426,1.24446,1.00,1.20
2017.07.11 02:32:31.501,1.24426,1.24446,1.00,1.10
2017.07.11 02:32:31.603,1.24426,1.24448,1.00,1.10
2017.07.11 02:32:34.191,1.24425,1.24448,1.00,1.10
2017.07.11 02:32:42.387,1.24425,1.24447,1.00,1.20
2017.07.11 02:32:59.206,1.24426,1.24449,1.00,3.82
2017.07.11 02:32:59.359,1.24426,1.24449,1.00,1.87
2017.07.11 02:33:24.571,1.24426,1.2445,1.00,2.25
2017.07.11 02:33:27.328,1.24426,1.24449,1.00,1.00
2017.07.11 02:33:34.777,1.24426,1.2445,1.00,1.87
2017.07.11 02:33:35.682,1.24431,1.24451,1.00,1.50
2017.07.11 02:33:35.784,1.24425,1.24451,1.00,2.70
2017.07.11 02:34:03.786,1.24426,1.24451,1.00,3.75
2017.07.11 02:34:18.504,1.24426,1.24451,1.00,1.50
2017.07.11 02:34:52.154,1.24426,1.24452,1.00,1.12
2017.07.11 02:34:54.441,1.2443,1.24453,1.00,1.37
2017.07.11 02:34:56.251,1.2443,1.24452,1.00,1.87
2017.07.11 02:34:56.863,1.24431,1.24452,1.00,1.87
2017.07.11 02:34:56.915,1.24426,1.24452,1.50,1.87
2017.07.11 02:34:58.401,1.24426,1.24451,1.00,1.95
2017.07.11 02:35:00.742,1.24425,1.24451,1.00,3.45
2017.07.11 02:35:20.097,1.24426,1.24451,1.00,4.95
2017.07.11 02:35:27.092,1.24426,1.24451,1.00,3.45
2017.07.11 02:35:28.485,1.24426,1.24451,1.00,4.20
2017.07.11 02:35:31.334,1.24426,1.24451,1.00,1.47
2017.07.11 02:35:31.943,1.24426,1.24451,1.00,1.20
2017.07.11 02:35:37.690,1.24426,1.24451,1.00,1.47
2017.07.11 02:35:45.352,1.24425,1.24451,1.00,2.70
2017.07.11 02:35:54.807,1.24426,1.24451,1.00,1.95
2017.07.11 02:36:03.221,1.24426,1.24453,1.00,1.95
2017.07.11 02:36:03.373,1.24425,1.24451,1.00,1.45
2017.07.11 02:36:08.194,1.24426,1.24449,1.00,1.10
2017.07.11 02:36:08.515,1.24435,1.24456,1.00,1.12
2017.07.11 02:36:08.618,1.2443,1.24457,1.00,1.57
2017.07.11 02:36:15.145,1.24431,1.24458,1.00,2.32
2017.07.11 02:36:15.247,1.2443,1.24457,1.50,1.57
2017.07.11 02:36:15.512,1.24435,1.24457,1.00,1.57
2017.07.11 02:36:16.146,1.24435,1.24457,1.00,1.95
2017.07.11 02:36:20.719,1.24431,1.24457,1.00,1.95
2017.07.11 02:36:20.974,1.24435,1.24457,1.00,1.12
2017.07.11 02:36:25.757,1.24435,1.24457,1.00,1.57
2017.07.11 02:36:30.688,1.24435,1.24457,1.00,1.12
2017.07.11 02:36:31.109,1.24431,1.24457,1.00,1.57
2017.07.11 02:36:31.658,1.24431,1.24457,1.00,1.20
2017.07.11 02:36:35.475,1.24436,1.24458,1.00,2.32
2017.07.11 02:36:37.982,1.24436,1.24458,1.00,3.82
2017.07.11 02:36:41.382,1.24436,1.24457,1.00,1.57
2017.07.11 02:36:42.400,1.24436,1.24457,1.00,1.57
2017.07.11 02:36:43.932,1.24436,1.24457,1.00,1.10
2017.07.11 02:36:54.321,1.2443,1.24457,1.87,1.10
2017.07.11 02:36:54.854,1.24431,1.24458,1.00,1.07
2017.07.11 02:36:55.737,1.2443,1.24458,2.62,1.07
2017.07.11 02:36:59.122,1.2443,1.24458,2.62,1.10
2017.07.11 02:37:11.252,1.2443,1.24458,2.25,1.07
2017.07.11 02:37:17.360,1.24431,1.24458,1.00,1.95
2017.07.11 02:37:17.462,1.24431,1.24457,1.00,1.20
2017.07.11 02:37:17.514,1.24431,1.24457,1.00,1.95
2017.07.11 02:37:17.616,1.24431,1.24458,1.00,2.32
2017.07.11 02:37:26.610,1.24428,1.24454,2.25,1.12
2017.07.11 02:37:26.913,1.24436,1.24457,1.00,1.00
2017.07.11 02:37:27.120,1.24432,1.24457,2.62,1.00
2017.07.11 02:37:27.173,1.24432,1.24459,2.25,1.10
2017.07.11 02:37:27.542,1.2443,1.24458,3.75,1.50
2017.07.11 02:37:27.677,1.24433,1.24458,1.00,1.50
2017.07.11 02:37:27.728,1.24431,1.24458,1.00,1.00
2017.07.11 02:37:27.985,1.24432,1.2446,1.00,1.57
2017.07.11 02:37:29.065,1.24432,1.24461,1.00,2.32
2017.07.11 02:37:29.833,1.24432,1.24461,1.00,2.32
2017.07.11 02:37:31.800,1.24434,1.24461,1.00,2.25
2017.07.11 02:37:32.681,1.24433,1.2446,1.00,1.12
2017.07.11 02:37:32.732,1.24431,1.2446,2.62,1.12
2017.07.11 02:37:32.936,1.24433,1.2446,1.00,1.12
2017.07.11 02:37:33.581,1.24432,1.24459,1.00,1.00
2017.07.11 02:37:34.545,1.24432,1.2446,1.00,1.12
2017.07.11 02:37:35.078,1.24432,1.24459,1.00,1.00
2017.07.11 02:37:36.136,1.24431,1.24459,1.87,1.00
2017.07.11 02:37:42.987,1.24431,1.24459,1.87,1.50
2017.07.11 02:37:45.169,1.24431,1.24457,1.87,1.00
2017.07.11 02:37:45.756,1.24431,1.24456,1.00,1.00
2017.07.11 02:37:47.464,1.24431,1.24457,1.00,1.00
2017.07.11 02:37:51.462,1.24431,1.24458,1.00,1.87
2017.07.11 02:37:52.012,1.24432,1.24458,1.00,1.87
2017.07.11 02:37:58.497,1.24432,1.24458,1.00,2.25
2017.07.11 02:38:03.308,1.24431,1.24458,1.00,2.25
2017.07.11 02:38:09.689,1.24431,1.24456,1.00,1.00
2017.07.11 02:38:10.581,1.2443,1.24456,1.12,1.00
2017.07.11 02:38:12.366,1.2443,1.24455,1.12,1.00
2017.07.11 02:38:13.309,1.2443,1.24456,1.00,1.00
2017.07.11 02:38:14.105,1.2443,1.24455,1.00,1.00
2017.07.11 02:38:15.068,1.24431,1.24455,1.00,1.00
2017.07.11 02:38:15.754,1.2443,1.24455,1.00,1.00
2017.07.11 02:38:16.099,1.24431,1.24451,1.00,1.37
2017.07.11 02:38:16.252,1.24426,1.24451,1.00,1.50
2017.07.11 02:38:18.731,1.24425,1.2445,1.00,1.87
2017.07.11 02:38:19.269,1.24426,1.24449,1.00,1.12
2017.07.11 02:38:31.249,1.24426,1.2445,1.00,1.87
2017.07.11 02:38:36.093,1.24421,1.24448,3.07,1.00
2017.07.11 02:38:41.822,1.24426,1.24448,1.00,1.00
2017.07.11 02:38:42.681,1.24426,1.24449,1.00,1.00
2017.07.11 02:38:42.986,1.2443,1.24456,1.00,3.07
2017.07.11 02:39:14.835,1.24431,1.24456,1.00,1.50
2017.07.11 02:39:15.521,1.2443,1.24456,1.00,1.50
2017.07.11 02:39:20.385,1.2443,1.24457,1.00,3.37
2017.07.11 02:39:21.295,1.2443,1.24456,1.00,1.00
2017.07.11 02:39:21.821,1.24431,1.24456,1.00,1.50
2017.07.11 02:39:31.388,1.24431,1.24455,1.00,1.00
2017.07.11 02:39:31.439,1.24431,1.24455,1.00,1.87
2017.07.11 02:39:33.313,1.2443,1.24455,1.00,1.75
2017.07.11 02:39:39.119,1.24431,1.24452,1.00,1.00
2017.07.11 02:39:39.492,1.24431,1.24452,1.00,1.87
2017.07.11 02:39:47.152,1.24425,1.24451,1.87,1.37
2017.07.11 02:39:47.204,1.2444,1.24452,1.00,1.50
2017.07.11 02:39:47.357,1.24436,1.24454,1.00,1.75
2017.07.11 02:39:47.408,1.2444,1.2446,1.00,1.75
2017.07.11 02:39:47.460,1.24436,1.24461,1.12,1.37
2017.07.11 02:39:47.626,1.24438,1.24461,1.00,1.37
2017.07.11 02:39:47.932,1.24434,1.24459,1.87,1.07
2017.07.11 02:39:48.339,1.24432,1.24458,1.12,1.00
2017.07.11 02:39:48.390,1.24441,1.2446,1.00,1.10
2017.07.11 02:39:48.442,1.24431,1.24459,1.10,1.50
2017.07.11 02:39:48.493,1.24437,1.24459,1.00,1.50
2017.07.11 02:39:48.696,1.24435,1.2446,1.50,1.00
2017.07.11 02:39:48.866,1.24433,1.2446,1.50,1.87
2017.07.11 02:39:49.120,1.24433,1.24459,1.00,2.70
2017.07.11 02:39:49.171,1.24431,1.24458,1.00,1.10
2017.07.11 02:39:50.894,1.24431,1.24458,1.50,1.95
2017.07.11 02:39:50.945,1.24431,1.24456,1.00,1.50
2017.07.11 02:39:51.149,1.24428,1.24455,1.12,3.75
2017.07.11 02:39:51.465,1.24426,1.24452,1.00,1.50
2017.07.11 02:39:51.820,1.24426,1.24451,1.00,1.37
2017.07.11 02:39:52.249,1.24423,1.24449,1.12,1.50
2017.07.11 02:39:55.996,1.24421,1.24448,1.50,2.70
2017.07.11 02:39:56.301,1.2442,1.24445,1.00,1.85
2017.07.11 02:39:56.872,1.2442,1.24446,1.37,2.70
2017.07.11 02:39:59.463,1.24422,1.24446,1.00,1.75
2017.07.11 02:40:02.006,1.24421,1.24446,1.00,1.75
2017.07.11 02:40:02.506,1.24421,1.24447,1.00,1.87
2017.07.11 02:40:02.608,1.24424,1.24449,1.00,2.62
2017.07.11 02:40:02.926,1.24425,1.24449,1.00,1.00
2017.07.11 02:40:03.603,1.24424,1.24449,1.00,1.00
2017.07.11 02:40:03.705,1.24426,1.24452,1.00,1.57
2017.07.11 02:40:22.363,1.24426,1.24452,1.00,1.45
2017.07.11 02:40:23.713,1.24426,1.24452,1.50,1.45
2017.07.11 02:40:30.471,1.24425,1.24451,1.00,1.10
2017.07.11 02:40:31.003,1.24426,1.24451,1.00,1.20
2017.07.11 02:40:43.833,1.24425,1.24452,1.00,1.45
2017.07.11 02:40:47.210,1.24426,1.24452,1.00,1.95
2017.07.11 02:41:07.504,1.24426,1.24452,1.50,1.00
2017.07.11 02:41:08.187,1.24427,1.24454,1.00,2.32
2017.07.11 02:41:10.489,1.24426,1.24453,1.50,1.10
2017.07.11 02:41:10.794,1.24431,1.24453,1.00,1.57
2017.07.11 02:41:11.099,1.24431,1.24453,1.00,3.45
2017.07.11 02:41:12.349,1.24426,1.24452,1.00,1.57
2017.07.11 02:41:15.086,1.24426,1.24452,1.00,1.45
2017.07.11 02:41:18.135,1.24422,1.24451,2.25,3.07
2017.07.11 02:41:18.440,1.24426,1.24451,1.00,2.32
2017.07.11 02:41:18.985,1.24425,1.2445,1.50,1.10
2017.07.11 02:41:30.990,1.24425,1.24452,1.50,1.37
2017.07.11 02:41:41.064,1.24425,1.24452,2.25,3.37
2017.07.11 02:41:42.155,1.24425,1.24452,1.50,1.37
2017.07.11 02:41:42.704,1.24425,1.2445,1.00,1.12
2017.07.11 02:41:44.287,1.24426,1.2445,1.00,1.12
2017.07.11 02:41:45.133,1.24425,1.24452,1.50,3.37
2017.07.11 02:41:48.002,1.2443,1.24452,1.00,3.75
2017.07.11 02:41:48.248,1.24426,1.24452,1.00,2.25
2017.07.11 02:41:50.014,1.24426,1.2445,1.00,1.37
2017.07.11 02:41:50.780,1.24426,1.2445,1.00,2.62
2017.07.11 02:41:53.562,1.24429,1.24451,1.00,1.50
2017.07.11 02:41:53.715,1.24431,1.24457,1.00,1.50
2017.07.11 02:41:56.723,1.24432,1.24458,1.00,2.25
2017.07.11 02:41:56.927,1.24432,1.2446,1.00,3.07
2017.07.11 02:41:59.516,1.24431,1.24458,1.50,1.00
2017.07.11 02:42:02.103,1.24436,1.24459,1.87,1.12
2017.07.11 02:42:02.308,1.24438,1.24464,1.00,1.87
2017.07.11 02:42:02.460,1.2444,1.24465,1.00,1.37
2017.07.11 02:42:04.803,1.24436,1.24464,1.00,1.00
2017.07.11 02:42:04.970,1.24441,1.24464,1.00,1.00
2017.07.11 02:42:07.122,1.24441,1.24468,1.50,1.50
2017.07.11 02:42:07.652,1.24441,1.24467,1.00,1.87
2017.07.11 02:42:08.186,1.24441,1.24466,1.00,1.00
2017.07.11 02:42:08.721,1.24441,1.24466,1.00,1.50
2017.07.11 02:42:09.381,1.2444,1.24467,1.50,3.07
2017.07.11 02:42:10.400,1.24443,1.24467,1.00,1.75
2017.07.11 02:42:10.717,1.24447,1.24474,1.50,1.12
2017.07.11 02:42:10.769,1.24447,1.24476,1.50,1.87
2017.07.11 02:42:10.921,1.24449,1.24476,1.00,3.37
2017.07.11 02:42:16.475,1.24451,1.24476,1.50,1.87
2017.07.11 02:42:16.627,1.24448,1.24476,1.10,1.00
2017.07.11 02:42:19.603,1.24452,1.24476,1.00,2.25
2017.07.11 02:42:19.705,1.2445,1.24476,1.50,1.00
2017.07.11 02:42:20.335,1.2445,1.24475,1.00,1.00
2017.07.11 02:42:21.044,1.24449,1.24475,1.00,1.00
2017.07.11 02:42:22.432,1.24447,1.24475,1.50,1.50
2017.07.11 02:42:22.644,1.24446,1.24473,1.00,1.87
2017.07.11 02:42:22.949,1.24445,1.24472,1.00,3.00
2017.07.11 02:42:23.711,1.24449,1.24472,1.00,1.50
2017.07.11 02:42:24.799,1.24447,1.24474,1.00,2.25
2017.07.11 02:42:28.760,1.24452,1.24474,1.00,1.75
2017.07.11 02:42:29.016,1.24453,1.24478,1.00,1.00
2017.07.11 02:42:29.550,1.24453,1.2448,1.00,2.25
2017.07.11 02:42:34.906,1.2445,1.24478,2.70,1.00
2017.07.11 02:42:35.427,1.2445,1.24477,1.57,1.12
2017.07.11 02:42:36.697,1.24449,1.24477,1.00,1.50
2017.07.11 02:42:37.793,1.24453,1.24477,1.00,1.12
2017.07.11 02:42:37.895,1.24454,1.24479,1.12,1.50
2017.07.11 02:42:38.048,1.24457,1.24479,1.00,1.00
2017.07.11 02:42:38.099,1.24457,1.24483,1.00,1.50
2017.07.11 02:42:40.015,1.24455,1.24483,1.50,1.00
2017.07.11 02:42:40.519,1.24455,1.24482,1.00,1.00
2017.07.11 02:42:41.427,1.24456,1.24482,1.00,1.00
2017.07.11 02:42:44.429,1.24457,1.24483,1.00,1.50
2017.07.11 02:42:44.481,1.24459,1.24483,1.20,1.00
2017.07.11 02:42:44.735,1.24459,1.24486,1.12,1.00
2017.07.11 02:42:45.008,1.24461,1.24488,1.00,2.62
2017.07.11 02:42:45.473,1.24463,1.24487,1.00,1.12
2017.07.11 02:42:45.576,1.24461,1.24487,1.00,1.12
2017.07.11 02:42:46.092,1.24459,1.24486,1.10,1.00
2017.07.11 02:42:46.344,1.24458,1.24484,1.12,1.50
2017.07.11 02:42:47.295,1.24458,1.24483,1.00,1.00
2017.07.11 02:42:49.379,1.24458,1.24484,1.00,2.25
2017.07.11 02:42:50.309,1.24458,1.24483,1.00,1.00
2017.07.11 02:42:50.824,1.24457,1.24484,1.12,3.00
2017.07.11 02:42:52.501,1.2446,1.24484,1.00,2.25
2017.07.11 02:42:53.009,1.24459,1.24485,1.00,1.75
2017.07.11 02:42:55.474,1.24461,1.24485,1.00,1.75
2017.07.11 02:42:55.628,1.24465,1.24487,1.00,1.50
2017.07.11 02:42:55.680,1.24467,1.24487,1.00,1.50
2017.07.11 02:42:55.853,1.24467,1.24493,1.00,1.37
2017.07.11 02:42:57.620,1.24466,1.24493,1.00,1.37
2017.07.11 02:42:59.178,1.24465,1.24493,1.00,1.37
2017.07.11 02:42:59.342,1.24468,1.24489,1.00,1.00
2017.07.11 02:42:59.393,1.24468,1.24493,1.00,1.87
2017.07.11 02:42:59.768,1.24466,1.24492,1.00,1.12
2017.07.11 02:43:00.020,1.24463,1.24485,1.12,1.00
2017.07.11 02:43:00.172,1.2446,1.24484,1.00,1.50
2017.07.11 02:43:00.376,1.24462,1.24484,2.62,1.50
2017.07.11 02:43:00.577,1.24461,1.24488,1.50,2.25
2017.07.11 02:43:01.292,1.24461,1.24488,1.37,2.25
2017.07.11 02:43:04.289,1.24466,1.24488,1.00,1.50
2017.07.11 02:43:04.493,1.24466,1.24493,1.00,1.95
2017.07.11 02:43:05.022,1.24466,1.24492,1.00,1.00
2017.07.11 02:43:05.073,1.24466,1.24492,1.00,1.45
2017.07.11 02:43:05.627,1.24465,1.24491,1.00,1.45
2017.07.11 02:43:07.200,1.24466,1.24489,1.00,1.00
2017.07.11 02:43:07.353,1.24466,1.24494,1.00,3.82
2017.07.11 02:43:07.518,1.24469,1.24494,1.50,1.37
2017.07.11 02:43:08.696,1.24467,1.24496,1.50,3.07
2017.07.11 02:43:09.228,1.24468,1.24495,1.00,1.50
2017.07.11 02:43:11.507,1.2447,1.24495,1.00,1.50
2017.07.11 02:43:12.058,1.24473,1.24495,1.00,1.50
2017.07.11 02:43:12.160,1.24471,1.24499,1.00,1.75
2017.07.11 02:43:12.403,1.24466,1.24491,1.75,1.00
2017.07.11 02:43:12.506,1.24466,1.2449,1.00,1.00
2017.07.11 02:43:13.168,1.24466,1.24489,1.00,1.00
2017.07.11 02:43:15.080,1.24463,1.24485,1.00,1.00
2017.07.11 02:43:15.386,1.24459,1.24486,1.00,2.62
2017.07.11 02:43:15.539,1.24464,1.24487,1.00,1.12
2017.07.11 02:43:15.849,1.24466,1.24492,1.00,1.12
2017.07.11 02:43:16.003,1.24468,1.24492,1.00,1.12
2017.07.11 02:43:17.876,1.24469,1.24495,1.00,1.87
2017.07.11 02:43:18.028,1.2447,1.24496,1.00,1.12
2017.07.11 02:43:18.548,1.24469,1.24496,1.00,1.12
2017.07.11 02:43:18.763,1.24474,1.24496,1.00,1.12
2017.07.11 02:43:18.815,1.24471,1.24496,1.50,1.00
2017.07.11 02:43:18.867,1.24471,1.24498,1.50,1.00
2017.07.11 02:43:18.919,1.24477,1.24498,1.00,1.00
2017.07.11 02:43:19.157,1.24481,1.24506,1.00,1.95
2017.07.11 02:43:19.666,1.24481,1.24507,1.00,1.12
2017.07.11 02:43:19.819,1.24478,1.24505,3.07,1.00
2017.07.11 02:43:19.870,1.24478,1.24503,2.25,1.12
2017.07.11 02:43:20.176,1.24476,1.24503,1.00,3.37
2017.07.11 02:43:20.648,1.24475,1.24499,1.00,1.00
2017.07.11 02:43:20.853,1.24472,1.24499,1.00,1.00
2017.07.11 02:43:21.611,1.24474,1.24499,1.00,1.00
2017.07.11 02:43:22.278,1.24477,1.24499,1.00,1.00
2017.07.11 02:43:22.532,1.24476,1.24501,1.12,1.00
2017.07.11 02:43:22.716,1.24477,1.24501,1.20,1.50
2017.07.11 02:43:22.768,1.24479,1.24504,1.10,1.12
2017.07.11 02:43:23.311,1.2448,1.24505,1.00,1.00
2017.07.11 02:43:23.812,1.2448,1.24504,1.00,1.00
2017.07.11 02:43:23.864,1.24478,1.24504,1.10,1.00
2017.07.11 02:43:24.069,1.24476,1.24502,1.87,1.00
2017.07.11 02:43:24.324,1.2447,1.24498,3.45,1.50
2017.07.11 02:43:24.835,1.24471,1.24496,1.00,1.00
2017.07.11 02:43:26.666,1.24471,1.24494,1.00,1.00
2017.07.11 02:43:26.821,1.2447,1.24498,1.95,3.00
2017.07.11 02:43:26.872,1.24474,1.24498,1.00,1.50
2017.07.11 02:43:27.178,1.24477,1.245,1.00,1.00
2017.07.11 02:43:27.692,1.24475,1.24502,1.10,3.00
2017.07.11 02:43:27.794,1.24475,1.24498,1.00,2.25
2017.07.11 02:43:27.846,1.24471,1.24495,1.00,1.00
2017.07.11 02:43:28.253,1.24467,1.24491,1.00,1.00
2017.07.11 02:43:28.666,1.24466,1.24489,1.00,1.00
2017.07.11 02:43:28.861,1.24466,1.24491,1.00,1.50
2017.07.11 02:43:29.443,1.24466,1.2449,1.00,1.00
2017.07.11 02:43:29.922,1.24467,1.24492,1.00,1.00
2017.07.11 02:43:29.973,1.24471,1.24492,1.00,1.00
2017.07.11 02:43:30.025,1.24468,1.24492,1.00,1.00
2017.07.11 02:43:30.077,1.24471,1.24494,1.50,1.00
2017.07.11 02:43:30.333,1.24475,1.24499,1.00,1.50
2017.07.11 02:43:30.384,1.24471,1.24499,1.50,2.32
2017.07.11 02:43:30.537,1.24473,1.24498,1.00,1.12
2017.07.11 02:43:31.814,1.2447,1.24494,1.12,1.00
2017.07.11 02:43:32.123,1.2446,1.2448,1.37,1.00
2017.07.11 02:43:32.174,1.24458,1.2448,1.00,1.00
2017.07.11 02:43:32.472,1.24451,1.2447,1.37,1.00
2017.07.11 02:43:32.575,1.24447,1.2447,1.00,1.00
2017.07.11 02:43:32.728,1.24446,1.24461,1.50,1.00
2017.07.11 02:43:32.984,1.24432,1.24453,1.00,1.00
2017.07.11 02:43:33.290,1.24431,1.24451,1.00,1.00
2017.07.11 02:43:33.623,1.24426,1.24444,1.00,1.00
2017.07.11 02:43:34.164,1.24425,1.24444,1.00,1.00
2017.07.11 02:43:34.481,1.24426,1.24441,1.00,1.00
2017.07.11 02:43:34.584,1.24426,1.24443,1.00,1.12
2017.07.11 02:43:35.489,1.24426,1.24442,1.00,1.00
2017.07.11 02:43:35.996,1.24425,1.24443,1.00,1.00
2017.07.11 02:43:36.522,1.24426,1.24443,1.00,1.00
2017.07.11 02:43:45.042,1.2442,1.24443,2.70,1.00
2017.07.11 02:43:45.094,1.2442,1.2444,1.00,1.00
2017.07.11 02:43:45.400,1.2442,1.24435,1.00,1.00
2017.07.11 02:43:45.502,1.24416,1.24435,1.50,1.00
2017.07.11 02:43:45.553,1.24416,1.24433,1.00,1.00
2017.07.11 02:43:48.915,1.24415,1.24433,1.00,1.00
2017.07.11 02:43:52.679,1.24411,1.24433,1.00,1.00
2017.07.11 02:43:52.869,1.24411,1.24431,1.00,1.00
2017.07.11 02:43:53.024,1.24406,1.24428,1.50,1.00
2017.07.11 02:43:53.828,1.24406,1.24426,1.00,1.00
2017.07.11 02:43:54.510,1.24405,1.24422,1.00,1.00
2017.07.11 02:43:54.664,1.244,1.24422,1.12,1.00
2017.07.11 02:43:55.089,1.24401,1.24419,1.00,1.00
2017.07.11 02:43:55.191,1.24401,1.24422,1.00,1.12
2017.07.11 02:43:55.598,1.24406,1.24423,1.00,1.87
2017.07.11 02:43:55.700,1.24406,1.24424,1.00,1.50
2017.07.11 02:43:56.322,1.24406,1.24425,1.00,1.00
2017.07.11 02:43:56.846,1.24405,1.2443,1.00,2.62
2017.07.11 02:43:57.372,1.24405,1.2443,1.50,1.00
2017.07.11 02:43:57.681,1.24405,1.24428,1.50,1.00
2017.07.11 02:43:58.202,1.24405,1.24427,1.00,1.00
2017.07.11 02:43:58.779,1.24406,1.24427,1.00,1.00
2017.07.11 02:44:00.763,1.24406,1.24428,1.00,1.00
2017.07.11 02:44:05.954,1.24406,1.24426,1.00,1.00
2017.07.11 02:44:07.051,1.24406,1.24425,1.00,1.00
2017.07.11 02:44:07.204,1.24411,1.24432,1.00,1.00
2017.07.11 02:44:07.718,1.2441,1.24433,1.00,1.12
2017.07.11 02:44:07.886,1.2441,1.2443,1.00,1.00
2017.07.11 02:44:10.492,1.24406,1.24424,1.50,1.00
2017.07.11 02:44:11.131,1.24406,1.24423,1.00,1.00
2017.07.11 02:44:11.654,1.24406,1.24424,1.00,1.00
2017.07.11 02:44:13.216,1.24406,1.24422,1.00,1.00
2017.07.11 02:44:14.220,1.24406,1.24421,1.00,1.00
2017.07.11 02:44:14.853,1.24406,1.24422,1.00,1.00
2017.07.11 02:44:20.053,1.244,1.24423,1.00,1.00
2017.07.11 02:44:20.590,1.244,1.24422,1.00,1.00
2017.07.11 02:44:20.696,1.24397,1.24422,1.00,1.00
2017.07.11 02:44:21.446,1.24398,1.24422,1.00,1.00
2017.07.11 02:44:25.137,1.24398,1.24424,1.00,1.00
2017.07.11 02:44:25.816,1.24399,1.24423,1.00,1.00
2017.07.11 02:44:30.039,1.244,1.24422,1.00,1.00
2017.07.11 02:44:30.090,1.244,1.2442,1.00,1.00
2017.07.11 02:44:30.684,1.244,1.24421,1.00,1.00
2017.07.11 02:44:31.158,1.244,1.24419,1.00,1.00
2017.07.11 02:44:31.364,1.24398,1.24419,1.00,1.00
2017.07.11 02:44:31.466,1.24396,1.24419,1.00,1.00
2017.07.11 02:44:32.171,1.24395,1.24419,1.95,1.00
2017.07.11 02:44:33.033,1.244,1.2442,1.00,1.00
2017.07.11 02:44:33.919,1.244,1.24419,1.00,1.00
2017.07.11 02:44:35.806,1.244,1.2442,1.00,1.00
2017.07.11 02:44:39.196,1.244,1.24419,1.00,1.00
2017.07.11 02:44:48.543,1.24401,1.24419,1.00,1.00
2017.07.11 02:44:51.773,1.24405,1.24419,1.00,1.00
2017.07.11 02:44:52.003,1.244,1.2442,1.00,1.00
2017.07.11 02:44:55.232,1.24401,1.2442,1.00,1.00
2017.07.11 02:45:01.496,1.24401,1.24418,1.00,1.00
2017.07.11 02:45:02.036,1.244,1.24418,1.00,1.00
2017.07.11 02:45:02.792,1.24396,1.24418,1.10,1.00
2017.07.11 02:45:02.895,1.24396,1.24416,1.00,1.00
2017.07.11 02:45:03.201,1.244,1.24417,1.00,1.00
2017.07.11 02:45:04.497,1.244,1.2442,1.00,1.00
2017.07.11 02:45:05.009,1.244,1.24421,1.00,1.00
2017.07.11 02:45:06.332,1.244,1.24423,1.00,1.50
2017.07.11 02:45:06.992,1.24401,1.24423,1.00,1.50
2017.07.11 02:45:07.246,1.24401,1.24425,1.00,1.00
2017.07.11 02:45:07.449,1.24406,1.24425,1.00,1.00
2017.07.11 02:45:10.770,1.24406,1.24424,1.00,1.00
2017.07.11 02:45:19.318,1.244,1.24424,1.00,1.00
2017.07.11 02:45:22.305,1.244,1.24425,1.00,1.00
2017.07.11 02:45:23.480,1.24406,1.24425,1.00,1.00
2017.07.11 02:45:25.536,1.24406,1.24424,1.00,1.00
2017.07.11 02:45:25.760,1.24401,1.24423,1.00,1.00
2017.07.11 02:45:26.534,1.24401,1.24422,1.00,1.00
2017.07.11 02:45:41.784,1.24401,1.24421,1.00,1.00
2017.07.11 02:45:44.950,1.24401,1.24422,1.00,1.00
2017.07.11 02:45:46.350,1.24401,1.24424,1.00,1.00
2017.07.11 02:45:46.502,1.24406,1.24427,1.00,1.50
2017.07.11 02:45:46.655,1.24406,1.24431,1.00,3.00
2017.07.11 02:45:46.960,1.24407,1.24433,1.00,1.00
2017.07.11 02:45:47.111,1.24409,1.24436,1.50,1.50
2017.07.11 02:45:47.264,1.24415,1.24436,1.00,1.00
2017.07.11 02:45:47.722,1.24415,1.2444,1.00,1.00
2017.07.11 02:45:48.447,1.24415,1.24441,1.00,1.12
2017.07.11 02:45:48.838,1.24415,1.24443,1.00,1.50
2017.07.11 02:45:49.469,1.24416,1.24442,1.00,1.00
2017.07.11 02:45:51.171,1.24416,1.24439,1.00,1.00
2017.07.11 02:45:51.476,1.24416,1.24436,1.00,1.00
2017.07.11 02:45:51.528,1.24411,1.24436,1.00,1.00
2017.07.11 02:45:52.061,1.2441,1.24436,1.00,1.00
2017.07.11 02:45:53.571,1.2441,1.24437,1.00,1.50
2017.07.11 02:45:54.108,1.24411,1.24436,1.00,3.00
2017.07.11 02:45:54.623,1.24411,1.24435,1.00,1.00
2017.07.11 02:45:57.845,1.24411,1.24436,1.00,1.50
2017.07.11 02:45:59.498,1.24411,1.24432,1.00,1.00
2017.07.11 02:45:59.754,1.24405,1.24429,1.00,1.00
2017.07.11 02:46:00.008,1.24401,1.24429,1.87,1.87
2017.07.11 02:46:00.213,1.24405,1.24429,1.00,1.12
2017.07.11 02:46:00.562,1.24406,1.24432,1.00,1.12
2017.07.11 02:46:01.164,1.24406,1.24431,1.00,1.00
2017.07.11 02:46:07.087,1.24406,1.2443,1.00,1.00
2017.07.11 02:46:08.158,1.24406,1.24431,1.00,1.00
2017.07.11 02:46:08.702,1.24406,1.24432,1.00,1.12
2017.07.11 02:46:15.817,1.24406,1.24433,1.00,1.50
2017.07.11 02:46:18.640,1.24405,1.24433,1.00,1.00
2017.07.11 02:46:19.344,1.24406,1.24433,1.00,1.00
2017.07.11 02:46:20.565,1.24406,1.24432,1.00,1.00
2017.07.11 02:46:23.027,1.24406,1.24431,1.00,1.00
2017.07.11 02:46:31.349,1.24406,1.24429,1.00,1.00
2017.07.11 02:46:42.648,1.24405,1.24429,1.12,1.00
2017.07.11 02:46:44.138,1.24405,1.24428,1.12,1.00
2017.07.11 02:46:50.189,1.24405,1.24429,1.00,1.00
2017.07.11 02:46:50.744,1.24405,1.24428,1.00,1.00
2017.07.11 02:46:56.124,1.24406,1.24428,1.00,1.00
2017.07.11 02:46:56.993,1.24406,1.24427,1.00,1.00
2017.07.11 02:46:58.603,1.24406,1.24429,1.00,1.00
2017.07.11 02:46:59.226,1.24405,1.24429,1.00,1.00
2017.07.11 02:46:59.379,1.24406,1.24432,1.00,1.50
2017.07.11 02:46:59.430,1.24406,1.24432,2.62,1.12
2017.07.11 02:46:59.706,1.2441,1.24436,1.00,2.62
2017.07.11 02:47:00.214,1.24411,1.24434,1.00,1.00
2017.07.11 02:47:03.417,1.24411,1.24435,1.00,1.87
2017.07.11 02:47:03.865,1.24408,1.24434,1.00,1.50
2017.07.11 02:47:03.916,1.2441,1.24434,1.00,1.00
2017.07.11 02:47:04.119,1.24406,1.24434,3.37,1.50
2017.07.11 02:47:14.709,1.24407,1.24434,1.50,1.50
2017.07.11 02:47:33.463,1.24407,1.24431,1.12,1.00
2017.07.11 02:47:33.756,1.24405,1.2443,1.00,1.00
2017.07.11 02:47:33.909,1.24405,1.24433,1.50,1.12
2017.07.11 02:47:35.265,1.24406,1.24434,1.00,1.50
2017.07.11 02:47:35.316,1.24406,1.24435,1.50,1.87
2017.07.11 02:47:35.818,1.2441,1.24435,1.00,1.10
2017.07.11 02:47:36.417,1.24411,1.24436,1.00,2.70
2017.07.11 02:47:37.934,1.24407,1.24435,1.12,1.10
2017.07.11 02:47:39.289,1.24408,1.24435,1.00,1.10
2017.07.11 02:47:41.250,1.24408,1.24434,1.00,1.00
2017.07.11 02:47:42.292,1.24407,1.24434,1.87,1.00
2017.07.11 02:47:42.865,1.24407,1.24434,1.87,1.00
2017.07.11 02:47:47.698,1.24407,1.24433,1.37,1.00
2017.07.11 02:47:53.507,1.24408,1.24434,1.00,1.00
2017.07.11 02:47:54.089,1.24408,1.24435,1.00,1.57
2017.07.11 02:47:55.110,1.24408,1.24434,1.00,1.00
2017.07.11 02:48:06.373,1.24407,1.24432,1.50,1.00
2017.07.11 02:48:06.777,1.24406,1.2443,1.00,1.00
2017.07.11 02:48:07.806,1.24406,1.24431,1.00,1.12
2017.07.11 02:48:08.314,1.24405,1.2443,1.00,1.00
2017.07.11 02:48:08.994,1.24406,1.24431,1.00,1.00
2017.07.11 02:48:09.503,1.24406,1.2443,1.00,1.00
2017.07.11 02:48:09.606,1.24406,1.24432,1.00,1.00
2017.07.11 02:48:10.122,1.24405,1.24432,1.00,1.00
2017.07.11 02:48:10.675,1.24405,1.24431,1.00,1.00
2017.07.11 02:48:12.084,1.24405,1.24429,1.00,1.00
2017.07.11 02:48:12.625,1.24411,1.24432,1.00,1.87
2017.07.11 02:48:14.476,1.24406,1.2443,1.00,1.00
2017.07.11 02:48:15.005,1.24406,1.24431,1.00,1.00
2017.07.11 02:48:17.678,1.24406,1.2443,1.00,1.00
2017.07.11 02:48:20.242,1.2441,1.2443,1.00,1.00
2017.07.11 02:48:20.395,1.24411,1.24434,1.00,1.50
2017.07.11 02:48:20.852,1.24411,1.24436,1.00,1.87
2017.07.11 02:48:26.309,1.24416,1.24436,1.00,1.00
2017.07.11 02:48:26.514,1.24416,1.24438,1.00,1.00
2017.07.11 02:48:26.565,1.24411,1.24438,1.00,1.00
2017.07.11 02:48:27.226,1.24411,1.24436,1.12,1.00
2017.07.11 02:48:33.851,1.2441,1.24433,1.50,1.00
2017.07.11 02:48:34.375,1.2441,1.24433,1.00,1.00
2017.07.11 02:48:36.194,1.2441,1.24434,1.00,1.87
2017.07.11 02:48:36.766,1.2441,1.24435,1.00,1.00
2017.07.11 02:48:37.488,1.2441,1.24437,1.50,1.50
2017.07.11 02:48:37.641,1.2441,1.24437,1.87,1.00
2017.07.11 02:48:45.544,1.24416,1.24437,1.00,1.00
2017.07.11 02:48:47.717,1.24411,1.24437,1.87,1.00
2017.07.11 02:48:52.969,1.24416,1.24437,1.00,1.00
2017.07.11 02:49:01.026,1.24416,1.24439,1.00,1.87
2017.07.11 02:49:01.260,1.24416,1.24437,1.00,1.00
2017.07.11 02:49:10.101,1.24416,1.24438,1.00,1.00
2017.07.11 02:49:10.802,1.24416,1.24437,1.00,1.00
2017.07.11 02:49:13.059,1.24416,1.24438,1.00,1.00
2017.07.11 02:49:14.176,1.24416,1.24437,1.00,1.00
2017.07.11 02:49:15.394,1.24411,1.24437,1.87,1.00
2017.07.11 02:49:30.141,1.24415,1.24437,1.00,1.00
2017.07.11 02:49:37.368,1.24416,1.24437,1.00,1.00
2017.07.11 02:49:39.008,1.24412,1.24437,1.00,1.00
2017.07.11 02:49:40.782,1.24415,1.24437,1.00,1.00
2017.07.11 02:49:42.403,1.24415,1.24439,1.00,1.00
2017.07.11 02:49:42.556,1.24412,1.24439,1.50,1.50
2017.07.11 02:49:43.361,1.24412,1.24438,1.00,1.00
2017.07.11 02:49:44.269,1.24416,1.24438,1.00,1.00
2017.07.11 02:49:45.089,1.24416,1.2444,1.00,1.12
2017.07.11 02:49:45.736,1.24416,1.24441,1.00,1.12
2017.07.11 02:49:59.403,1.24416,1.24442,1.00,1.12
2017.07.11 02:50:03.729,1.24416,1.24441,1.00,1.00
2017.07.11 02:50:07.744,1.24413,1.24439,1.87,1.00
2017.07.11 02:50:07.898,1.24415,1.24441,1.87,1.12
2017.07.11 02:50:07.949,1.24418,1.24441,1.12,1.12
2017.07.11 02:50:08.001,1.24418,1.24444,1.12,1.87
2017.07.11 02:50:08.103,1.24418,1.24445,1.87,1.00
2017.07.11 02:50:08.921,1.24418,1.24447,1.87,1.87
2017.07.11 02:50:24.065,1.24419,1.24447,1.00,1.50
2017.07.11 02:50:29.124,1.2442,1.24447,1.00,1.50
2017.07.11 02:50:29.435,1.24422,1.24449,1.75,1.50
2017.07.11 02:50:30.459,1.24423,1.2445,1.57,1.00
2017.07.11 02:50:31.132,1.24422,1.24449,2.25,1.00
2017.07.11 02:50:33.930,1.24421,1.24448,1.95,1.00
2017.07.11 02:50:38.440,1.24421,1.24446,1.87,1.00
2017.07.11 02:50:39.531,1.24421,1.24447,1.75,1.00
2017.07.11 02:50:49.474,1.24423,1.24447,1.00,1.00
2017.07.11 02:50:49.789,1.24422,1.24449,1.50,1.00
2017.07.11 02:50:49.841,1.24425,1.24448,1.87,1.00
2017.07.11 02:50:49.892,1.24422,1.24448,1.47,1.00
2017.07.11 02:50:50.917,1.24421,1.24447,1.75,1.00
2017.07.11 02:50:52.103,1.24421,1.24449,2.32,1.12
2017.07.11 02:50:52.622,1.24421,1.24447,1.85,1.00
2017.07.11 02:50:54.771,1.24421,1.24448,1.85,1.12
2017.07.11 02:50:55.339,1.2442,1.24447,4.95,1.00
2017.07.11 02:50:55.390,1.24421,1.24449,1.85,1.12
2017.07.11 02:50:55.546,1.24421,1.24447,1.85,1.00
2017.07.11 02:50:55.601,1.24421,1.24449,2.32,1.00
2017.07.11 02:50:56.277,1.24421,1.24449,1.85,1.87
2017.07.11 02:50:57.769,1.2442,1.24447,4.95,1.00
2017.07.11 02:51:09.404,1.2442,1.24446,2.62,1.00
2017.07.11 02:51:12.490,1.24421,1.24447,1.75,1.00
2017.07.11 02:51:19.693,1.2442,1.24447,1.87,1.37
2017.07.11 02:51:19.846,1.2442,1.24447,1.00,1.37
2017.07.11 02:51:20.699,1.24418,1.24446,2.62,1.12
2017.07.11 02:51:24.570,1.24421,1.24447,1.00,1.37
2017.07.11 02:51:36.420,1.24419,1.24447,1.12,1.37
2017.07.11 02:51:36.928,1.2442,1.24447,1.00,1.37
2017.07.11 02:51:38.716,1.2442,1.24447,1.00,1.00
2017.07.11 02:51:39.306,1.24421,1.24447,1.00,1.00
2017.07.11 02:51:40.045,1.2442,1.24447,1.00,1.00
2017.07.11 02:51:52.049,1.2442,1.24448,1.50,1.87
2017.07.11 02:51:54.261,1.2442,1.24447,2.25,1.00
2017.07.11 02:52:08.436,1.2442,1.24445,1.12,1.00
2017.07.11 02:52:08.815,1.2442,1.24447,1.12,1.12
2017.07.11 02:52:09.396,1.2442,1.24446,1.12,1.00
2017.07.11 02:52:11.957,1.24419,1.24447,1.87,1.12
2017.07.11 02:52:12.536,1.24419,1.24447,1.87,1.37
2017.07.11 02:52:15.694,1.24419,1.24443,1.50,1.00
2017.07.11 02:52:16.327,1.24419,1.24443,1.00,1.00
2017.07.11 02:52:39.238,1.24419,1.24442,1.00,1.87
2017.07.11 02:52:39.340,1.24416,1.2444,1.00,1.00
2017.07.11 02:52:39.695,1.24417,1.24444,1.10,2.62
2017.07.11 02:52:40.495,1.24417,1.24442,1.10,2.62
2017.07.11 02:52:44.464,1.2442,1.24443,1.00,1.12
2017.07.11 02:52:44.988,1.2442,1.24445,1.00,1.37
2017.07.11 02:52:52.098,1.2442,1.24441,1.00,1.87
2017.07.11 02:52:52.149,1.2442,1.24444,1.00,1.37
2017.07.11 02:52:57.909,1.24418,1.24443,1.37,1.00
2017.07.11 02:53:02.016,1.24418,1.24443,1.12,1.00
2017.07.11 02:53:03.006,1.24418,1.24444,1.12,1.00
2017.07.11 02:53:03.648,1.24419,1.24443,1.00,1.00
2017.07.11 02:53:08.496,1.24419,1.24444,1.00,1.00
2017.07.11 02:53:17.521,1.24419,1.24444,1.37,1.00
2017.07.11 02:53:23.931,1.24419,1.24445,1.37,1.00
2017.07.11 02:53:34.072,1.24421,1.24445,1.00,1.00
2017.07.11 02:53:35.186,1.24421,1.24444,1.00,1.00
2017.07.11 02:53:38.359,1.24421,1.24446,1.00,1.00
2017.07.11 02:53:38.880,1.24421,1.24447,1.00,1.12
2017.07.11 02:53:42.763,1.2442,1.24447,1.12,1.12
2017.07.11 02:53:42.866,1.2442,1.24447,1.12,2.62
2017.07.11 02:53:51.508,1.24421,1.24447,1.00,2.62
2017.07.11 02:53:52.033,1.2442,1.24447,1.00,2.62
2017.07.11 02:53:52.565,1.24421,1.24446,1.00,1.37
2017.07.11 02:53:59.338,1.2442,1.24447,1.57,3.37
2017.07.11 02:54:07.985,1.24421,1.24447,1.00,3.37
2017.07.11 02:54:12.576,1.24421,1.24447,1.00,1.87
2017.07.11 02:54:13.369,1.24421,1.24448,1.12,1.50
2017.07.11 02:54:13.902,1.24422,1.24449,1.00,1.50
2017.07.11 02:54:16.155,1.24423,1.2445,1.00,1.00
2017.07.11 02:54:16.206,1.24426,1.2445,1.00,1.00
2017.07.11 02:54:16.692,1.24426,1.24452,1.12,1.00
2017.07.11 02:54:18.407,1.24425,1.24452,1.12,1.00
2017.07.11 02:54:21.330,1.24426,1.24453,1.00,1.87
2017.07.11 02:54:21.382,1.24431,1.24453,1.00,1.87
2017.07.11 02:54:21.692,1.24426,1.24453,1.00,1.87
2017.07.11 02:54:56.356,1.24426,1.24454,1.87,1.12
2017.07.11 02:54:56.942,1.24426,1.24453,2.25,1.00
2017.07.11 02:54:59.209,1.2443,1.24453,1.00,1.00
2017.07.11 02:54:59.761,1.24427,1.24454,1.12,1.00
2017.07.11 02:55:00.271,1.24427,1.24453,1.12,1.00
2017.07.11 02:55:20.220,1.24426,1.24453,2.70,1.00
2017.07.11 02:55:29.896,1.24427,1.24454,1.12,1.00
2017.07.11 02:55:32.994,1.24431,1.24454,1.00,1.50
2017.07.11 02:55:33.604,1.24431,1.24453,1.00,1.00
2017.07.11 02:55:37.132,1.24431,1.24455,1.00,1.50
2017.07.11 02:55:42.990,1.24431,1.24454,1.00,1.00
2017.07.11 02:56:04.186,1.24427,1.24454,1.12,1.00
2017.07.11 02:56:04.238,1.24431,1.24454,1.00,1.00
2017.07.11 02:56:04.390,1.24427,1.24454,1.50,1.50
2017.07.11 02:56:06.100,1.24431,1.24454,1.00,1.50
2017.07.11 02:56:07.074,1.2443,1.24454,1.00,1.50
2017.07.11 02:56:08.409,1.24431,1.24454,1.00,1.00
2017.07.11 02:56:08.926,1.2443,1.24454,1.00,1.00
2017.07.11 02:56:22.534,1.24431,1.24454,1.00,1.00
2017.07.11 02:56:22.898,1.24431,1.24452,1.00,1.00
2017.07.11 02:56:27.575,1.2443,1.24454,1.00,1.87
2017.07.11 02:56:28.147,1.24431,1.24454,1.00,1.12
2017.07.11 02:56:32.728,1.2443,1.24454,1.00,1.12
2017.07.11 02:56:33.359,1.2443,1.24453,1.00,1.00
2017.07.11 02:56:40.482,1.2443,1.24454,1.00,1.00
2017.07.11 02:56:44.252,1.24426,1.24454,1.87,2.25
2017.07.11 02:56:44.782,1.24426,1.24453,1.50,1.50
2017.07.11 02:56:49.936,1.24426,1.24452,1.12,1.00
2017.07.11 02:56:50.190,1.24426,1.2445,1.12,1.12
2017.07.11 02:56:50.293,1.24421,1.24449,2.25,1.87
2017.07.11 02:56:50.344,1.24421,1.24447,1.87,1.00
2017.07.11 02:56:50.395,1.24421,1.24447,1.00,1.00
2017.07.11 02:56:54.096,1.24421,1.24447,1.00,1.37
2017.07.11 02:57:03.330,1.24421,1.24447,1.00,1.00
2017.07.11 02:57:03.975,1.24421,1.24448,1.00,1.12
2017.07.11 02:57:08.512,1.24421,1.24449,1.12,1.00
2017.07.11 02:57:13.918,1.24421,1.24449,1.20,1.00
2017.07.11 02:57:13.969,1.24426,1.24449,1.00,1.00
2017.07.11 02:57:14.021,1.24421,1.24449,2.70,1.00
2017.07.11 02:57:14.555,1.24421,1.2445,2.70,3.00
2017.07.11 02:57:20.230,1.24426,1.2445,1.00,3.00
2017.07.11 02:57:20.281,1.24421,1.2445,2.70,3.00
2017.07.11 02:57:20.803,1.24421,1.24449,1.12,1.00
2017.07.11 02:57:28.593,1.24421,1.24448,1.12,1.00
2017.07.11 02:57:28.747,1.2442,1.24446,1.37,1.12
2017.07.11 02:57:29.378,1.2442,1.24445,1.00,1.00
2017.07.11 02:57:30.039,1.2442,1.24444,1.00,1.00
2017.07.11 02:57:36.618,1.24417,1.24444,1.37,1.50
2017.07.11 02:57:36.669,1.24417,1.24442,1.12,1.00
2017.07.11 02:57:36.976,1.24417,1.2444,1.00,1.00
2017.07.11 02:57:37.695,1.24415,1.24441,2.62,1.50
2017.07.11 02:57:38.293,1.24416,1.24442,1.87,1.00
2017.07.11 02:57:38.952,1.24416,1.24444,1.87,1.87
2017.07.11 02:57:42.449,1.24416,1.24444,1.37,2.62
2017.07.11 02:57:42.988,1.24416,1.24444,1.12,3.00
2017.07.11 02:57:44.538,1.24416,1.24444,1.20,3.00
2017.07.11 02:57:44.843,1.2442,1.24446,1.00,1.37
2017.07.11 02:57:46.857,1.2442,1.24444,1.00,1.00
2017.07.11 02:57:47.366,1.2442,1.24443,1.00,1.50
2017.07.11 02:57:48.889,1.2442,1.24444,1.00,1.50
2017.07.11 02:57:51.938,1.2442,1.24445,1.00,1.12
2017.07.11 02:58:10.774,1.24418,1.24445,1.57,1.87
2017.07.11 02:58:11.029,1.2442,1.24447,1.00,2.25
2017.07.11 02:58:15.735,1.24421,1.24447,1.00,1.00
2017.07.11 02:58:15.968,1.2442,1.24444,1.00,1.00
2017.07.11 02:58:16.120,1.24417,1.24444,2.70,1.50
2017.07.11 02:58:19.195,1.24417,1.24445,2.70,1.12
2017.07.11 02:58:19.716,1.24417,1.24444,2.70,1.00
2017.07.11 02:58:24.698,1.24421,1.24445,1.00,1.00
2017.07.11 02:58:24.851,1.24425,1.2445,1.00,1.12
2017.07.11 02:58:25.370,1.24426,1.24451,1.00,1.87
2017.07.11 02:58:30.385,1.24426,1.2445,1.00,1.00
2017.07.11 02:58:37.055,1.24431,1.2445,1.00,1.00
2017.07.11 02:58:41.466,1.24431,1.24451,1.00,1.87
2017.07.11 02:58:42.129,1.24426,1.24451,1.00,1.87
2017.07.11 02:58:42.570,1.24431,1.24451,1.00,1.87
2017.07.11 02:58:43.469,1.24431,1.24455,1.00,1.12
2017.07.11 02:58:46.710,1.24431,1.24457,1.00,1.50
2017.07.11 02:58:52.369,1.24431,1.24456,1.00,1.00
2017.07.11 02:58:53.082,1.2443,1.24456,1.12,1.00
2017.07.11 02:58:57.748,1.24431,1.24457,1.00,1.12
2017.07.11 02:58:57.901,1.24436,1.24458,1.00,2.25
2017.07.11 02:58:58.003,1.24431,1.24458,1.00,2.25
2017.07.11 02:59:00.830,1.24431,1.24456,1.12,1.00
2017.07.11 02:59:01.657,1.24431,1.24454,1.12,1.00
2017.07.11 02:59:01.962,1.24427,1.24452,1.87,1.50
2017.07.11 02:59:02.629,1.24427,1.24451,1.87,1.00
2017.07.11 02:59:09.358,1.24427,1.2445,1.50,1.00
2017.07.11 02:59:11.451,1.24426,1.24451,1.75,1.87
2017.07.11 02:59:13.001,1.24426,1.24453,3.07,1.00
2017.07.11 02:59:13.560,1.24427,1.24454,1.87,2.25
2017.07.11 02:59:13.829,1.24429,1.24456,1.00,1.87
2017.07.11 02:59:14.342,1.2443,1.24457,1.10,1.87
2017.07.11 02:59:14.885,1.24431,1.24457,1.00,1.12
2017.07.11 02:59:15.388,1.2443,1.24457,1.57,1.12
2017.07.11 02:59:30.116,1.24431,1.24457,1.00,1.50
2017.07.11 02:59:30.380,1.24436,1.24457,1.00,1.50
2017.07.11 02:59:30.680,1.24431,1.24457,1.00,1.50
2017.07.11 02:59:31.230,1.24431,1.24458,1.00,2.62
2017.07.11 02:59:31.763,1.24431,1.24457,1.50,1.50
2017.07.11 02:59:32.505,1.24432,1.24457,1.00,1.00
2017.07.11 02:59:33.149,1.24432,1.24458,1.10,1.12
2017.07.11 02:59:39.407,1.24431,1.24453,1.10,1.00
2017.07.11 02:59:39.661,1.24428,1.24453,1.00,1.50
2017.07.11 02:59:39.843,1.24429,1.24457,1.00,2.62
2017.07.11 02:59:40.346,1.24429,1.24456,1.47,1.12
2017.07.11 02:59:40.892,1.24429,1.24457,1.47,1.12
2017.07.11 02:59:55.914,1.2443,1.24457,1.47,1.87
