2017.10.30 08:00:00.013,1.3116,1.31183,1.00,1.00
2017.10.30 08:00:00.392,1.31164,1.31186,1.00,1.00
2017.10.30 08:00:00.700,1.31159,1.31179,1.00,1.00
2017.10.30 08:00:01.043,1.31156,1.31175,1.00,1.00
2017.10.30 08:00:01.353,1.31161,1.31178,1.00,1.00
2017.10.30 08:00:01.635,1.31159,1.31178,1.00,1.50
2017.10.30 08:00:01.944,1.3116,1.31182,1.00,1.00
2017.10.30 08:00:02.179,1.31165,1.31184,1.00,1.00
2017.10.30 08:00:02.513,1.31162,1.31179,1.50,1.00
2017.10.30 08:00:02.565,1.3116,1.3118,1.00,1.00
2017.10.30 08:00:02.877,1.31165,1.31186,1.00,1.00
2017.10.30 08:00:02.983,1.31165,1.31184,1.00,1.00
2017.10.30 08:00:03.204,1.31165,1.31186,1.00,1.00
2017.10.30 08:00:03.409,1.31165,1.31184,1.50,1.00
2017.10.30 08:00:04.125,1.31169,1.3119,1.00,1.50
2017.10.30 08:00:04.177,1.31172,1.31192,1.00,1.00
2017.10.30 08:00:04.280,1.31178,1.31199,1.50,1.00
2017.10.30 08:00:04.449,1.31177,1.31196,1.00,1.00
2017.10.30 08:00:04.551,1.31177,1.312,1.00,1.00
2017.10.30 08:00:04.603,1.31177,1.31196,1.00,1.00
2017.10.30 08:00:04.911,1.31177,1.31192,1.00,1.00
2017.10.30 08:00:05.115,1.31177,1.31198,1.50,1.50
2017.10.30 08:00:05.166,1.31179,1.31198,1.00,1.00
2017.10.30 08:00:05.541,1.31179,1.31195,1.00,1.00
2017.10.30 08:00:06.053,1.31179,1.31194,1.00,1.00
2017.10.30 08:00:06.104,1.31176,1.31195,1.00,1.00
2017.10.30 08:00:06.508,1.31175,1.31193,1.00,1.00
2017.10.30 08:00:06.820,1.31175,1.3119,1.00,1.00
2017.10.30 08:00:07.127,1.31175,1.31188,1.00,1.00
2017.10.30 08:00:07.179,1.31173,1.31187,1.00,1.00
2017.10.30 08:00:07.231,1.31169,1.31187,1.00,1.00
2017.10.30 08:00:07.282,1.31169,1.31189,1.00,1.50
2017.10.30 08:00:08.198,1.31169,1.31191,1.00,1.00
2017.10.30 08:00:08.301,1.31169,1.31189,1.00,1.00
2017.10.30 08:00:08.704,1.31172,1.31193,1.00,1.00
2017.10.30 08:00:09.067,1.31172,1.31195,1.00,1.00
2017.10.30 08:00:09.582,1.31175,1.31196,1.00,1.00
2017.10.30 08:00:10.173,1.31175,1.31198,1.10,1.00
2017.10.30 08:00:10.226,1.31178,1.31199,1.00,1.00
2017.10.30 08:00:10.329,1.31178,1.31201,1.37,1.00
2017.10.30 08:00:10.749,1.31181,1.31202,1.00,1.00
2017.10.30 08:00:11.081,1.31178,1.31202,2.62,1.00
2017.10.30 08:00:11.388,1.31182,1.31203,1.00,1.00
2017.10.30 08:00:11.949,1.31182,1.312,1.00,1.00
2017.10.30 08:00:12.150,1.31182,1.31202,1.00,1.00
2017.10.30 08:00:12.715,1.31183,1.31201,1.00,1.00
2017.10.30 08:00:13.339,1.31188,1.31204,1.00,1.00
2017.10.30 08:00:13.442,1.31188,1.31208,1.00,1.00
2017.10.30 08:00:13.968,1.3119,1.31209,1.00,1.00
2017.10.30 08:00:14.328,1.3119,1.31211,1.00,1.50
2017.10.30 08:00:14.684,1.31192,1.31211,1.00,1.50
2017.10.30 08:00:14.993,1.31193,1.31212,1.07,1.00
2017.10.30 08:00:15.402,1.31192,1.3121,1.85,1.00
2017.10.30 08:00:15.712,1.31193,1.31212,1.82,1.00
2017.10.30 08:00:16.125,1.31193,1.31211,1.50,1.00
2017.10.30 08:00:16.881,1.31194,1.31211,1.00,1.00
2017.10.30 08:00:17.086,1.31197,1.31214,1.00,1.00
2017.10.30 08:00:17.401,1.31194,1.31215,1.10,1.00
2017.10.30 08:00:17.942,1.31193,1.31214,1.57,1.00
2017.10.30 08:00:18.567,1.31194,1.31214,1.00,1.00
2017.10.30 08:00:19.117,1.31195,1.31214,1.00,1.00
2017.10.30 08:00:20.108,1.31197,1.31216,1.00,1.00
2017.10.30 08:00:20.210,1.31202,1.31222,1.00,1.87
2017.10.30 08:00:20.262,1.31204,1.31222,1.00,1.00
2017.10.30 08:00:21.035,1.31203,1.31221,1.50,1.00
2017.10.30 08:00:21.188,1.31203,1.31224,1.00,1.50
2017.10.30 08:00:21.239,1.31204,1.31222,1.00,1.00
2017.10.30 08:00:21.482,1.31203,1.31224,1.00,1.50
2017.10.30 08:00:22.083,1.31203,1.31223,1.00,1.00
2017.10.30 08:00:22.186,1.31208,1.31226,1.00,1.87
2017.10.30 08:00:22.715,1.31208,1.31227,1.00,1.00
2017.10.30 08:00:22.875,1.31207,1.31229,1.10,1.00
2017.10.30 08:00:22.977,1.31209,1.3123,1.00,1.50
2017.10.30 08:00:23.571,1.31209,1.31231,1.57,1.00
2017.10.30 08:00:23.880,1.31213,1.31232,1.00,1.00
2017.10.30 08:00:24.872,1.31212,1.31231,1.00,1.00
2017.10.30 08:00:25.465,1.31212,1.31233,1.00,1.00
2017.10.30 08:00:25.569,1.31211,1.31229,1.00,1.00
2017.10.30 08:00:25.825,1.31209,1.31229,1.50,1.00
2017.10.30 08:00:27.453,1.31209,1.31229,1.50,1.37
2017.10.30 08:00:27.504,1.31209,1.31227,1.50,1.37
2017.10.30 08:00:27.678,1.31209,1.31229,1.50,1.00
2017.10.30 08:00:28.269,1.31209,1.31227,1.50,1.00
2017.10.30 08:00:30.135,1.3121,1.3123,1.00,1.00
2017.10.30 08:00:30.360,1.31212,1.31232,1.00,1.00
2017.10.30 08:00:30.873,1.31215,1.31233,1.00,1.00
2017.10.30 08:00:31.079,1.31213,1.31233,1.00,1.00
2017.10.30 08:00:31.181,1.31216,1.31235,1.00,2.62
2017.10.30 08:00:31.483,1.3122,1.31239,1.00,1.00
2017.10.30 08:00:32.017,1.3122,1.31241,1.00,2.62
2017.10.30 08:00:32.955,1.3122,1.31242,1.00,1.87
2017.10.30 08:00:33.200,1.3122,1.31239,1.00,1.00
2017.10.30 08:00:33.792,1.31221,1.3124,1.00,1.00
2017.10.30 08:00:35.871,1.31222,1.3124,1.00,1.00
2017.10.30 08:00:36.519,1.31221,1.3124,1.00,1.00
2017.10.30 08:00:36.570,1.31219,1.3124,1.00,1.00
2017.10.30 08:00:37.074,1.3122,1.31241,1.00,1.00
2017.10.30 08:00:37.584,1.31218,1.31238,1.87,1.00
2017.10.30 08:00:37.891,1.31217,1.31235,1.00,1.00
2017.10.30 08:00:38.448,1.31216,1.31234,1.00,1.00
2017.10.30 08:00:38.729,1.31216,1.31236,1.00,1.00
2017.10.30 08:00:38.780,1.31218,1.31238,1.00,1.50
2017.10.30 08:00:38.933,1.31219,1.3124,1.00,2.25
2017.10.30 08:00:38.984,1.31218,1.31238,1.00,1.00
2017.10.30 08:00:39.817,1.3122,1.31238,1.00,1.00
2017.10.30 08:00:41.047,1.31218,1.31238,1.00,1.00
2017.10.30 08:00:41.576,1.31219,1.31239,1.00,1.00
2017.10.30 08:00:42.158,1.3122,1.31239,1.00,1.00
2017.10.30 08:00:43.079,1.31218,1.31238,1.00,1.00
2017.10.30 08:00:43.183,1.31218,1.31236,1.00,1.00
2017.10.30 08:00:45.433,1.3122,1.31239,1.00,1.50
2017.10.30 08:00:45.956,1.31221,1.31241,1.00,1.00
2017.10.30 08:00:46.465,1.3122,1.31241,1.00,1.00
2017.10.30 08:00:47.109,1.31221,1.31242,1.00,1.00
2017.10.30 08:00:47.645,1.31223,1.31241,1.00,1.00
2017.10.30 08:00:48.503,1.3122,1.31237,1.10,1.00
2017.10.30 08:00:49.043,1.31219,1.31237,2.25,1.00
2017.10.30 08:00:50.287,1.31221,1.31239,1.00,1.00
2017.10.30 08:00:50.596,1.31225,1.31243,1.00,1.00
2017.10.30 08:00:51.197,1.31226,1.31244,1.00,1.00
2017.10.30 08:00:51.705,1.31225,1.31245,1.00,1.00
2017.10.30 08:00:52.038,1.31226,1.31243,1.00,1.00
2017.10.30 08:00:52.381,1.31229,1.31246,1.00,1.00
2017.10.30 08:00:52.433,1.31229,1.31249,1.00,1.12
2017.10.30 08:00:52.484,1.31231,1.31249,1.00,1.00
2017.10.30 08:00:52.587,1.31233,1.31252,1.12,1.00
2017.10.30 08:00:52.690,1.31235,1.31254,1.00,1.00
2017.10.30 08:00:53.337,1.31236,1.31255,1.00,1.00
2017.10.30 08:00:53.669,1.31234,1.31251,1.00,1.00
2017.10.30 08:00:53.841,1.31233,1.31253,1.12,1.00
2017.10.30 08:00:53.893,1.31233,1.31251,1.12,1.00
2017.10.30 08:00:53.945,1.31237,1.31256,1.00,1.00
2017.10.30 08:00:53.997,1.31239,1.31256,1.00,1.00
2017.10.30 08:00:54.050,1.31242,1.3126,1.00,1.50
2017.10.30 08:00:54.576,1.31242,1.31259,1.50,1.00
2017.10.30 08:00:55.288,1.31242,1.31258,1.00,1.00
2017.10.30 08:00:55.390,1.31242,1.3126,1.50,1.00
2017.10.30 08:00:55.924,1.31242,1.31261,1.00,1.00
2017.10.30 08:00:55.976,1.31242,1.31258,1.00,1.00
2017.10.30 08:00:56.131,1.31244,1.31263,1.12,1.00
2017.10.30 08:00:56.183,1.31247,1.31266,1.00,1.00
2017.10.30 08:00:56.441,1.3125,1.3127,1.00,1.00
2017.10.30 08:00:56.543,1.31252,1.3127,1.00,1.00
2017.10.30 08:00:56.697,1.31252,1.31272,1.00,1.00
2017.10.30 08:00:56.852,1.31254,1.31272,1.00,1.00
2017.10.30 08:00:58.329,1.31256,1.31273,1.00,1.00
2017.10.30 08:00:58.382,1.31256,1.31275,1.00,1.87
2017.10.30 08:00:58.434,1.31256,1.31273,1.00,1.00
2017.10.30 08:00:58.750,1.31259,1.31276,1.00,1.00
2017.10.30 08:00:58.802,1.31259,1.31278,1.00,1.00
2017.10.30 08:00:58.904,1.3126,1.3128,1.87,1.12
2017.10.30 08:00:59.007,1.3126,1.31278,1.12,1.00
2017.10.30 08:00:59.211,1.31258,1.31278,1.00,1.00
2017.10.30 08:00:59.374,1.31259,1.31276,1.00,1.00
2017.10.30 08:00:59.477,1.31259,1.31279,1.00,1.00
2017.10.30 08:00:59.580,1.31262,1.31279,1.00,1.00
2017.10.30 08:00:59.683,1.31263,1.31281,1.00,1.00
2017.10.30 08:01:00.234,1.31264,1.31282,1.50,1.50
2017.10.30 08:01:00.285,1.31259,1.31276,1.00,1.00
2017.10.30 08:01:00.387,1.31261,1.31281,1.00,1.00
2017.10.30 08:01:00.439,1.31257,1.31276,1.75,1.00
2017.10.30 08:01:00.490,1.31255,1.31276,1.00,1.50
2017.10.30 08:01:00.542,1.31257,1.31276,1.00,1.00
2017.10.30 08:01:00.746,1.31258,1.3128,2.25,1.12
2017.10.30 08:01:00.849,1.3126,1.3128,1.00,1.12
2017.10.30 08:01:01.198,1.31257,1.31277,1.00,1.00
2017.10.30 08:01:01.504,1.3126,1.31278,1.00,1.00
2017.10.30 08:01:02.030,1.3126,1.31277,1.00,1.00
2017.10.30 08:01:02.236,1.31258,1.31278,1.00,1.00
2017.10.30 08:01:02.288,1.31259,1.31276,1.00,1.00
2017.10.30 08:01:02.674,1.31263,1.3128,1.00,1.00
2017.10.30 08:01:02.726,1.31261,1.31281,1.00,1.00
2017.10.30 08:01:02.778,1.31261,1.31279,1.00,1.00
2017.10.30 08:01:03.085,1.31259,1.31279,1.50,1.00
2017.10.30 08:01:04.101,1.31259,1.31276,1.50,1.00
2017.10.30 08:01:04.486,1.31255,1.31274,1.95,1.00
2017.10.30 08:01:04.623,1.31257,1.31276,1.00,1.50
2017.10.30 08:01:04.674,1.31255,1.31272,1.00,1.00
2017.10.30 08:01:05.182,1.31254,1.31271,1.00,1.00
2017.10.30 08:01:05.622,1.3125,1.3127,3.37,1.00
2017.10.30 08:01:06.152,1.3125,1.31269,1.50,1.00
2017.10.30 08:01:06.356,1.31254,1.31271,1.00,1.00
2017.10.30 08:01:06.408,1.31255,1.31273,1.00,1.00
2017.10.30 08:01:06.459,1.31257,1.31275,1.00,1.00
2017.10.30 08:01:06.768,1.31265,1.31282,1.00,1.00
2017.10.30 08:01:07.141,1.3127,1.31286,1.00,1.00
2017.10.30 08:01:07.679,1.31271,1.31285,1.00,1.00
2017.10.30 08:01:07.994,1.31271,1.31287,1.00,1.00
2017.10.30 08:01:08.096,1.3127,1.31289,1.00,1.00
2017.10.30 08:01:08.630,1.3127,1.31289,1.37,1.00
2017.10.30 08:01:09.478,1.3127,1.31286,1.37,1.00
2017.10.30 08:01:09.936,1.31268,1.31285,1.00,1.00
2017.10.30 08:01:09.988,1.31271,1.31285,1.00,1.00
2017.10.30 08:01:10.090,1.31267,1.31285,1.00,1.00
2017.10.30 08:01:10.619,1.31267,1.31284,1.00,1.00
2017.10.30 08:01:11.257,1.31267,1.31286,1.00,1.00
2017.10.30 08:01:12.480,1.31271,1.31287,1.00,1.00
2017.10.30 08:01:12.532,1.3127,1.31289,1.50,1.00
2017.10.30 08:01:13.044,1.31271,1.31288,1.00,1.00
2017.10.30 08:01:13.563,1.3127,1.31288,1.00,1.00
2017.10.30 08:01:13.666,1.31271,1.3129,1.00,1.00
2017.10.30 08:01:14.205,1.31272,1.31291,1.00,1.00
2017.10.30 08:01:14.256,1.31271,1.31288,1.00,1.00
2017.10.30 08:01:14.757,1.3127,1.31287,1.00,1.00
2017.10.30 08:01:15.962,1.31271,1.31288,1.00,1.00
2017.10.30 08:01:16.289,1.31269,1.31286,1.00,1.00
2017.10.30 08:01:17.234,1.31267,1.31287,1.00,1.00
2017.10.30 08:01:17.632,1.31262,1.31281,1.45,1.00
2017.10.30 08:01:17.684,1.31262,1.3128,1.10,1.00
2017.10.30 08:01:17.786,1.3126,1.3128,1.10,1.00
2017.10.30 08:01:17.838,1.31264,1.31282,1.00,1.00
2017.10.30 08:01:18.144,1.31266,1.31283,1.00,1.12
2017.10.30 08:01:22.957,1.31265,1.31283,1.00,1.87
2017.10.30 08:01:24.136,1.31265,1.31282,1.00,1.00
2017.10.30 08:01:24.796,1.31265,1.31283,1.00,1.87
2017.10.30 08:01:25.425,1.31265,1.31282,1.00,1.00
2017.10.30 08:01:26.213,1.31265,1.31283,1.00,1.87
2017.10.30 08:01:26.916,1.31261,1.31278,1.95,1.00
2017.10.30 08:01:26.968,1.3126,1.31276,1.00,1.00
2017.10.30 08:01:27.019,1.31262,1.31278,1.00,1.00
2017.10.30 08:01:27.070,1.31259,1.31277,1.00,1.00
2017.10.30 08:01:27.687,1.3126,1.31278,1.00,1.00
2017.10.30 08:01:28.207,1.31261,1.31279,1.00,1.12
2017.10.30 08:01:28.436,1.3126,1.31277,1.00,1.00
2017.10.30 08:01:28.750,1.31263,1.31279,1.00,1.00
2017.10.30 08:01:28.803,1.31263,1.31281,1.00,1.00
2017.10.30 08:01:28.855,1.31265,1.31281,1.00,1.00
2017.10.30 08:01:29.527,1.31266,1.31281,1.00,1.00
2017.10.30 08:01:30.191,1.31265,1.31281,1.00,1.00
2017.10.30 08:01:30.395,1.31263,1.31281,1.00,1.00
2017.10.30 08:01:30.447,1.31264,1.31279,1.00,1.00
2017.10.30 08:01:30.575,1.31262,1.31279,1.00,1.00
2017.10.30 08:01:30.678,1.31264,1.31279,1.00,1.00
2017.10.30 08:01:30.730,1.31264,1.31281,1.00,1.00
2017.10.30 08:01:30.832,1.31266,1.31281,1.00,1.00
2017.10.30 08:01:30.985,1.31261,1.31279,1.00,1.00
2017.10.30 08:01:31.036,1.31261,1.31277,1.00,1.50
2017.10.30 08:01:31.567,1.31261,1.31276,1.00,1.00
2017.10.30 08:01:32.102,1.31261,1.31277,1.00,1.50
2017.10.30 08:01:32.608,1.31261,1.31276,1.00,1.00
2017.10.30 08:01:33.219,1.31261,1.31277,1.00,1.50
2017.10.30 08:01:33.726,1.31261,1.31276,1.00,1.00
2017.10.30 08:01:34.111,1.31263,1.31277,1.00,1.00
2017.10.30 08:01:34.163,1.31263,1.3128,1.00,1.50
2017.10.30 08:01:34.838,1.31263,1.31279,1.00,1.00
2017.10.30 08:01:35.349,1.31263,1.3128,1.00,1.00
2017.10.30 08:01:35.858,1.31263,1.31279,1.00,1.00
2017.10.30 08:01:36.020,1.31265,1.31281,1.00,1.00
2017.10.30 08:01:36.619,1.31265,1.31282,1.00,1.00
2017.10.30 08:01:38.281,1.31266,1.31282,1.00,1.50
2017.10.30 08:01:38.917,1.31264,1.31281,1.00,1.75
2017.10.30 08:01:38.968,1.31259,1.31277,1.00,1.87
2017.10.30 08:01:39.020,1.31258,1.31275,1.00,1.50
2017.10.30 08:01:39.347,1.31254,1.31269,1.00,1.00
2017.10.30 08:01:39.890,1.31254,1.3127,1.00,1.50
2017.10.30 08:01:40.649,1.31254,1.31269,1.00,1.00
2017.10.30 08:01:40.957,1.31259,1.31275,1.00,1.00
2017.10.30 08:01:41.161,1.31261,1.31275,1.00,1.00
2017.10.30 08:01:41.212,1.31261,1.31277,1.00,1.50
2017.10.30 08:01:41.751,1.31262,1.31277,1.00,1.00
2017.10.30 08:01:43.199,1.31262,1.31278,1.00,1.50
2017.10.30 08:01:43.712,1.31261,1.31277,1.00,1.00
2017.10.30 08:01:43.814,1.31261,1.31275,1.00,1.00
2017.10.30 08:01:44.171,1.31257,1.31275,1.00,1.00
2017.10.30 08:01:44.381,1.31261,1.31274,1.00,1.00
2017.10.30 08:01:44.536,1.31258,1.31274,1.00,1.00
2017.10.30 08:01:44.588,1.3126,1.31276,1.00,1.00
2017.10.30 08:01:44.792,1.31261,1.31278,1.50,1.00
2017.10.30 08:01:44.997,1.31263,1.31279,1.00,1.00
2017.10.30 08:01:45.050,1.31261,1.31278,1.00,1.00
2017.10.30 08:01:45.435,1.31258,1.31276,1.00,1.00
2017.10.30 08:01:45.486,1.31261,1.31278,1.00,1.00
2017.10.30 08:01:45.894,1.31261,1.31276,1.00,1.00
2017.10.30 08:01:46.650,1.31258,1.31276,1.00,1.00
2017.10.30 08:01:49.918,1.31257,1.31276,1.00,1.00
2017.10.30 08:01:51.558,1.31257,1.31278,1.10,1.12
2017.10.30 08:01:52.785,1.31257,1.31278,1.45,1.00
2017.10.30 08:01:53.121,1.31254,1.31272,1.45,1.00
2017.10.30 08:01:53.801,1.31254,1.31272,1.45,1.00
2017.10.30 08:01:55.171,1.31254,1.31272,1.45,1.00
2017.10.30 08:01:55.687,1.31253,1.31273,1.45,1.00
2017.10.30 08:01:55.841,1.31254,1.31272,1.20,1.00
2017.10.30 08:01:55.945,1.31252,1.31269,1.50,1.00
2017.10.30 08:01:56.048,1.31253,1.31271,1.57,1.00
2017.10.30 08:01:56.100,1.31253,1.31269,1.10,1.00
2017.10.30 08:01:56.304,1.31246,1.31264,1.00,1.00
2017.10.30 08:01:56.356,1.31246,1.31262,1.00,1.00
2017.10.30 08:01:56.622,1.31245,1.31265,2.32,1.00
2017.10.30 08:01:56.673,1.31246,1.31267,1.07,1.00
2017.10.30 08:01:57.184,1.31248,1.31266,1.12,1.00
2017.10.30 08:01:57.718,1.31248,1.31267,1.12,1.00
2017.10.30 08:01:58.373,1.31248,1.31267,1.20,1.00
2017.10.30 08:01:59.190,1.31249,1.31268,1.00,1.50
2017.10.30 08:01:59.395,1.31248,1.31266,1.20,1.00
2017.10.30 08:01:59.985,1.31248,1.31266,1.20,1.00
2017.10.30 08:02:00.190,1.31254,1.31273,1.00,1.00
2017.10.30 08:02:00.701,1.31253,1.31273,1.12,1.00
2017.10.30 08:02:01.068,1.31256,1.31274,1.10,1.00
2017.10.30 08:02:01.987,1.31257,1.31275,1.20,1.00
2017.10.30 08:02:02.248,1.31256,1.31277,2.70,1.00
2017.10.30 08:02:02.352,1.3126,1.31278,1.50,1.00
2017.10.30 08:02:02.865,1.31261,1.31278,1.10,1.00
2017.10.30 08:02:03.347,1.31259,1.31278,1.10,1.00
2017.10.30 08:02:03.619,1.31258,1.31278,1.45,1.00
2017.10.30 08:02:04.591,1.31257,1.31278,2.70,1.00
2017.10.30 08:02:05.120,1.31258,1.31278,1.95,1.00
2017.10.30 08:02:05.621,1.31259,1.31278,1.07,1.00
2017.10.30 08:02:06.083,1.31261,1.3128,1.95,1.00
2017.10.30 08:02:06.393,1.31249,1.31267,1.95,1.00
2017.10.30 08:02:06.929,1.3125,1.31268,1.10,1.00
2017.10.30 08:02:07.288,1.31251,1.31271,1.50,1.00
2017.10.30 08:02:07.341,1.3125,1.31271,3.82,1.00
2017.10.30 08:02:07.668,1.31251,1.31268,1.57,1.00
2017.10.30 08:02:07.771,1.31248,1.31266,1.20,1.00
2017.10.30 08:02:08.880,1.31252,1.31272,1.00,1.12
2017.10.30 08:02:09.034,1.31253,1.31273,1.20,1.00
2017.10.30 08:02:09.239,1.31254,1.31275,3.07,1.50
2017.10.30 08:02:09.712,1.31255,1.31275,1.57,1.50
2017.10.30 08:02:10.142,1.31255,1.31275,1.20,1.00
2017.10.30 08:02:10.579,1.31253,1.31272,1.07,1.00
2017.10.30 08:02:10.783,1.31246,1.31264,1.00,1.00
2017.10.30 08:02:10.885,1.3125,1.31267,1.00,1.00
2017.10.30 08:02:10.988,1.31247,1.31267,1.00,1.00
2017.10.30 08:02:11.039,1.31246,1.31265,1.57,1.00
2017.10.30 08:02:11.402,1.3125,1.31268,1.00,1.00
2017.10.30 08:02:11.606,1.31248,1.31267,1.95,1.00
2017.10.30 08:02:11.709,1.31246,1.31265,2.32,1.00
2017.10.30 08:02:11.867,1.31246,1.31265,1.57,1.00
2017.10.30 08:02:11.969,1.31246,1.31266,1.57,1.00
2017.10.30 08:02:12.071,1.31246,1.31266,1.57,1.00
2017.10.30 08:02:12.225,1.31248,1.31266,1.10,1.00
2017.10.30 08:02:12.556,1.3125,1.31268,1.00,1.00
2017.10.30 08:02:12.760,1.31248,1.31269,1.12,1.00
2017.10.30 08:02:12.863,1.3125,1.3127,1.00,1.00
2017.10.30 08:02:13.379,1.31249,1.31269,1.00,1.00
2017.10.30 08:02:13.687,1.31251,1.31271,1.50,1.50
2017.10.30 08:02:14.226,1.3125,1.3127,1.57,1.00
2017.10.30 08:02:14.642,1.31252,1.31271,1.00,1.00
2017.10.30 08:02:15.349,1.31252,1.31272,1.57,1.00
2017.10.30 08:02:16.462,1.31253,1.31272,1.00,1.00
2017.10.30 08:02:17.548,1.31253,1.31271,1.10,1.00
2017.10.30 08:02:18.061,1.31253,1.3127,1.00,1.00
2017.10.30 08:02:18.414,1.31254,1.31272,1.00,1.00
2017.10.30 08:02:18.567,1.31252,1.31272,1.57,1.00
2017.10.30 08:02:19.108,1.31253,1.31272,1.00,1.00
2017.10.30 08:02:19.636,1.31253,1.31273,1.00,1.50
2017.10.30 08:02:20.139,1.31253,1.31274,1.20,1.50
2017.10.30 08:02:20.797,1.31254,1.31274,1.00,1.50
2017.10.30 08:02:21.006,1.31258,1.31275,1.00,1.50
2017.10.30 08:02:21.518,1.3126,1.31279,1.50,1.00
2017.10.30 08:02:21.671,1.31262,1.3128,1.00,1.00
2017.10.30 08:02:21.987,1.3126,1.31278,2.32,1.00
2017.10.30 08:02:22.790,1.31258,1.31271,1.00,1.00
2017.10.30 08:02:22.894,1.31251,1.31269,1.00,1.00
2017.10.30 08:02:22.997,1.31254,1.31271,1.00,1.00
2017.10.30 08:02:23.221,1.31254,1.31273,2.25,1.00
2017.10.30 08:02:25.183,1.31257,1.31276,1.00,1.50
2017.10.30 08:02:25.235,1.31261,1.31277,1.00,1.00
2017.10.30 08:02:25.286,1.31262,1.31279,1.50,1.00
2017.10.30 08:02:25.337,1.31263,1.31285,1.57,2.62
2017.10.30 08:02:25.389,1.31265,1.31285,1.50,1.50
2017.10.30 08:02:25.733,1.31265,1.31283,1.00,1.00
2017.10.30 08:02:26.333,1.31265,1.31282,1.00,1.00
2017.10.30 08:02:26.862,1.31265,1.31276,1.00,1.00
2017.10.30 08:02:26.913,1.31259,1.31275,1.00,1.00
2017.10.30 08:02:27.117,1.31258,1.31278,1.50,1.00
2017.10.30 08:02:27.169,1.3126,1.31278,1.00,1.00
2017.10.30 08:02:27.487,1.31265,1.31283,1.00,1.00
2017.10.30 08:02:28.522,1.31264,1.31283,1.00,1.00
2017.10.30 08:02:28.892,1.31265,1.31285,1.00,1.00
2017.10.30 08:02:29.968,1.31265,1.31284,1.00,1.00
2017.10.30 08:02:30.486,1.31265,1.31283,1.00,1.00
2017.10.30 08:02:30.788,1.31265,1.31285,1.50,1.50
2017.10.30 08:02:31.304,1.31268,1.31285,1.00,1.50
2017.10.30 08:02:31.355,1.31274,1.31292,1.00,1.50
2017.10.30 08:02:31.942,1.31282,1.31292,1.00,1.00
2017.10.30 08:02:32.284,1.31287,1.31294,1.12,1.00
2017.10.30 08:02:32.336,1.31283,1.31302,2.25,1.00
2017.10.30 08:02:32.541,1.31285,1.31305,1.12,1.00
2017.10.30 08:02:32.898,1.31284,1.31303,1.87,1.00
2017.10.30 08:02:33.276,1.31281,1.31297,1.00,1.00
2017.10.30 08:02:33.683,1.31281,1.31299,1.57,1.00
2017.10.30 08:02:34.009,1.3128,1.31297,1.20,1.00
2017.10.30 08:02:34.263,1.3128,1.31299,1.20,1.00
2017.10.30 08:02:34.314,1.3128,1.31299,2.32,1.00
2017.10.30 08:02:34.366,1.31285,1.31302,1.00,1.00
2017.10.30 08:02:34.418,1.31283,1.313,1.07,1.00
2017.10.30 08:02:35.003,1.31285,1.31301,1.00,1.00
2017.10.30 08:02:35.207,1.31283,1.313,1.10,1.00
2017.10.30 08:02:35.411,1.31282,1.31297,1.00,1.00
2017.10.30 08:02:35.513,1.31282,1.31299,1.00,1.00
2017.10.30 08:02:36.025,1.31281,1.31298,1.50,1.00
2017.10.30 08:02:36.548,1.31282,1.31299,1.00,1.00
2017.10.30 08:02:37.077,1.31282,1.31298,1.00,1.00
2017.10.30 08:02:37.651,1.31282,1.31297,1.00,1.00
2017.10.30 08:02:37.703,1.3128,1.31297,1.10,1.00
2017.10.30 08:02:38.117,1.31279,1.31295,1.00,1.00
2017.10.30 08:02:39.103,1.31279,1.31296,1.00,1.50
2017.10.30 08:02:39.747,1.31277,1.31296,1.07,1.00
2017.10.30 08:02:40.088,1.31285,1.31302,1.00,1.50
2017.10.30 08:02:40.425,1.31278,1.31294,1.00,1.00
2017.10.30 08:02:40.927,1.31278,1.31295,1.00,1.50
2017.10.30 08:02:41.131,1.31276,1.31295,1.10,1.00
2017.10.30 08:02:41.285,1.31278,1.31294,1.00,1.00
2017.10.30 08:02:41.336,1.31279,1.31296,1.00,1.00
2017.10.30 08:02:41.388,1.31282,1.31297,1.00,1.00
2017.10.30 08:02:41.439,1.31282,1.31299,1.00,1.00
2017.10.30 08:02:41.956,1.31283,1.313,1.10,1.00
2017.10.30 08:02:42.488,1.31282,1.313,1.95,1.00
2017.10.30 08:02:42.692,1.31281,1.31298,1.50,1.00
2017.10.30 08:02:42.794,1.31276,1.31293,1.00,1.00
2017.10.30 08:02:43.303,1.31276,1.31292,1.00,1.50
2017.10.30 08:02:43.406,1.31274,1.3129,1.00,1.00
2017.10.30 08:02:43.457,1.31275,1.31292,1.00,1.00
2017.10.30 08:02:43.977,1.31274,1.31292,1.00,1.00
2017.10.30 08:02:44.942,1.31276,1.31292,1.00,1.50
2017.10.30 08:02:45.045,1.31281,1.31299,1.00,3.75
2017.10.30 08:02:45.096,1.31286,1.31299,1.00,1.00
2017.10.30 08:02:45.148,1.31287,1.31302,1.00,1.00
2017.10.30 08:02:45.200,1.31291,1.31308,1.00,1.50
2017.10.30 08:02:45.252,1.31293,1.31308,1.12,1.00
2017.10.30 08:02:45.304,1.31293,1.31311,1.12,1.00
2017.10.30 08:02:45.546,1.31293,1.31311,1.12,1.00
2017.10.30 08:02:45.860,1.31284,1.31298,1.00,1.00
2017.10.30 08:02:45.911,1.31283,1.313,1.12,1.50
2017.10.30 08:02:45.964,1.31279,1.31297,1.12,1.00
2017.10.30 08:02:46.067,1.31279,1.31294,1.00,1.00
2017.10.30 08:02:46.169,1.31276,1.31293,1.00,1.00
2017.10.30 08:02:46.535,1.31276,1.31291,1.00,1.00
2017.10.30 08:02:47.071,1.31277,1.31291,1.00,1.00
2017.10.30 08:02:47.122,1.31278,1.31295,1.00,1.00
2017.10.30 08:02:47.225,1.31275,1.31291,1.50,1.00
2017.10.30 08:02:47.529,1.31271,1.31289,1.00,1.00
2017.10.30 08:02:47.581,1.3127,1.31285,1.00,1.00
2017.10.30 08:02:48.463,1.3127,1.31284,1.00,1.00
2017.10.30 08:02:48.798,1.31272,1.31287,1.00,1.00
2017.10.30 08:02:49.176,1.3127,1.31285,1.00,1.00
2017.10.30 08:02:49.279,1.31271,1.31288,1.00,1.00
2017.10.30 08:02:49.638,1.3127,1.31286,1.00,1.00
2017.10.30 08:02:50.229,1.31268,1.31284,1.00,1.00
2017.10.30 08:02:50.510,1.31266,1.31284,1.12,1.00
2017.10.30 08:02:50.715,1.31267,1.31282,1.00,1.00
2017.10.30 08:02:51.073,1.31268,1.31284,1.00,1.00
2017.10.30 08:02:51.584,1.31269,1.31284,1.00,1.00
2017.10.30 08:02:52.135,1.31268,1.31285,1.00,1.00
2017.10.30 08:02:52.442,1.31267,1.31283,1.00,1.00
2017.10.30 08:02:52.833,1.31269,1.31284,1.00,1.00
2017.10.30 08:02:53.778,1.31271,1.31285,1.00,1.00
2017.10.30 08:02:53.932,1.31276,1.31291,1.50,1.12
2017.10.30 08:02:54.049,1.31278,1.31291,1.00,1.12
2017.10.30 08:02:54.101,1.31279,1.31295,1.00,1.00
2017.10.30 08:02:54.866,1.31279,1.31296,1.00,1.00
2017.10.30 08:02:55.368,1.31279,1.31295,1.00,1.00
2017.10.30 08:02:55.743,1.31281,1.31297,1.00,1.00
2017.10.30 08:02:56.081,1.31285,1.31298,1.00,1.00
2017.10.30 08:02:56.234,1.31283,1.31298,1.00,1.00
2017.10.30 08:02:56.285,1.31281,1.31296,1.00,1.00
2017.10.30 08:02:56.826,1.31285,1.313,1.00,1.00
2017.10.30 08:02:57.336,1.31285,1.31301,1.00,1.00
2017.10.30 08:02:57.974,1.31286,1.31301,1.00,1.00
2017.10.30 08:02:58.515,1.31286,1.31302,1.00,1.00
2017.10.30 08:02:59.017,1.31286,1.31301,1.00,1.00
2017.10.30 08:02:59.576,1.31286,1.31302,1.00,1.00
2017.10.30 08:02:59.942,1.31291,1.31304,1.00,1.00
2017.10.30 08:02:59.995,1.31291,1.31307,1.00,1.07
2017.10.30 08:03:00.047,1.31291,1.31308,1.00,1.00
2017.10.30 08:03:00.099,1.3129,1.31305,1.00,1.00
2017.10.30 08:03:00.255,1.31291,1.31307,1.00,1.00
2017.10.30 08:03:00.872,1.3129,1.31307,1.00,1.00
2017.10.30 08:03:01.390,1.3129,1.31306,1.00,1.00
2017.10.30 08:03:01.717,1.31288,1.31303,1.00,1.00
2017.10.30 08:03:01.972,1.31285,1.31301,1.00,1.00
2017.10.30 08:03:02.023,1.31285,1.31299,1.00,1.00
2017.10.30 08:03:02.536,1.31285,1.31298,1.00,1.00
2017.10.30 08:03:02.587,1.31285,1.313,1.00,1.00
2017.10.30 08:03:03.206,1.31285,1.31299,1.00,1.00
2017.10.30 08:03:03.723,1.31285,1.313,1.00,1.00
2017.10.30 08:03:04.915,1.31285,1.31299,1.00,1.00
2017.10.30 08:03:05.328,1.31278,1.31291,1.00,1.00
2017.10.30 08:03:05.431,1.31275,1.3129,1.50,1.00
2017.10.30 08:03:05.534,1.31272,1.31289,1.00,1.00
2017.10.30 08:03:05.585,1.31274,1.31286,1.00,1.00
2017.10.30 08:03:05.742,1.31276,1.31291,1.00,1.00
2017.10.30 08:03:06.261,1.31275,1.31292,1.00,1.50
2017.10.30 08:03:06.919,1.31277,1.31293,1.00,1.00
2017.10.30 08:03:07.452,1.31277,1.31292,1.00,1.00
2017.10.30 08:03:07.707,1.31275,1.31292,1.00,1.00
2017.10.30 08:03:07.809,1.31273,1.31292,1.50,2.25
2017.10.30 08:03:08.155,1.31267,1.31287,1.87,1.00
2017.10.30 08:03:08.208,1.31267,1.31286,1.00,1.47
2017.10.30 08:03:08.310,1.31261,1.31282,1.12,1.57
2017.10.30 08:03:08.414,1.31259,1.31278,1.00,1.00
2017.10.30 08:03:08.952,1.31259,1.31277,1.00,1.00
2017.10.30 08:03:09.454,1.31258,1.31278,1.00,1.00
2017.10.30 08:03:09.984,1.31258,1.31277,1.00,1.00
2017.10.30 08:03:10.242,1.31255,1.31276,1.50,1.50
2017.10.30 08:03:10.294,1.31255,1.31273,1.00,1.00
2017.10.30 08:03:10.501,1.31253,1.31272,1.00,1.00
2017.10.30 08:03:10.707,1.31251,1.31269,1.00,1.00
2017.10.30 08:03:10.896,1.31246,1.31266,1.50,1.50
2017.10.30 08:03:10.999,1.31246,1.31265,1.00,1.20
2017.10.30 08:03:11.050,1.31246,1.31264,1.00,1.00
2017.10.30 08:03:11.254,1.31245,1.31263,1.00,1.07
2017.10.30 08:03:11.796,1.31244,1.31264,1.00,1.07
2017.10.30 08:03:12.303,1.31245,1.31261,1.00,1.00
2017.10.30 08:03:12.354,1.31245,1.31263,1.00,1.10
2017.10.30 08:03:12.888,1.31245,1.31263,1.00,1.07
2017.10.30 08:03:13.279,1.31247,1.31265,1.00,1.10
2017.10.30 08:03:13.738,1.31245,1.31265,1.00,1.57
2017.10.30 08:03:13.793,1.31245,1.31265,1.00,1.57
2017.10.30 08:03:13.845,1.31243,1.31263,1.50,1.10
2017.10.30 08:03:13.896,1.31243,1.31259,1.00,1.00
2017.10.30 08:03:14.317,1.31241,1.3126,1.12,1.57
2017.10.30 08:03:14.725,1.3124,1.31261,2.25,1.57
2017.10.30 08:03:15.797,1.31242,1.31261,1.00,1.00
2017.10.30 08:03:16.345,1.31243,1.31261,1.00,1.00
2017.10.30 08:03:16.839,1.31241,1.31262,1.12,1.50
2017.10.30 08:03:16.890,1.31243,1.31262,1.00,2.25
2017.10.30 08:03:17.043,1.31241,1.31261,1.12,1.00
2017.10.30 08:03:17.558,1.31242,1.31261,1.00,1.00
2017.10.30 08:03:18.177,1.31242,1.31262,1.00,1.50
2017.10.30 08:03:18.336,1.31244,1.31262,1.00,1.00
2017.10.30 08:03:18.970,1.31244,1.31263,1.00,1.50
2017.10.30 08:03:19.276,1.31244,1.31261,1.00,1.00
2017.10.30 08:03:19.786,1.31244,1.31262,1.00,1.00
2017.10.30 08:03:20.303,1.31244,1.31261,1.00,1.00
2017.10.30 08:03:20.847,1.31244,1.3126,1.00,1.00
2017.10.30 08:03:21.912,1.31245,1.3126,1.00,1.00
2017.10.30 08:03:22.066,1.31243,1.31261,1.50,1.00
2017.10.30 08:03:22.832,1.31243,1.3126,2.25,1.00
2017.10.30 08:03:23.378,1.31243,1.31261,1.50,1.50
2017.10.30 08:03:23.981,1.31243,1.3126,1.50,1.00
2017.10.30 08:03:24.826,1.31243,1.31261,1.00,1.10
2017.10.30 08:03:25.350,1.31243,1.3126,1.50,1.10
2017.10.30 08:03:25.887,1.31243,1.31261,1.00,1.10
2017.10.30 08:03:26.394,1.31243,1.3126,1.50,1.00
2017.10.30 08:03:27.635,1.31243,1.31261,1.50,1.10
2017.10.30 08:03:28.440,1.31243,1.31262,1.50,1.10
2017.10.30 08:03:28.492,1.31243,1.31262,1.50,1.07
2017.10.30 08:03:28.604,1.31243,1.31262,1.50,1.10
2017.10.30 08:03:29.233,1.31243,1.31262,1.50,1.07
2017.10.30 08:03:29.716,1.31243,1.31262,1.50,1.10
2017.10.30 08:03:29.839,1.31243,1.31262,1.50,1.07
2017.10.30 08:03:30.145,1.31246,1.31264,1.00,1.57
2017.10.30 08:03:31.107,1.31246,1.31262,1.00,1.00
2017.10.30 08:03:31.608,1.31246,1.31263,1.87,1.10
2017.10.30 08:03:32.161,1.31246,1.31264,1.37,1.50
2017.10.30 08:03:32.707,1.31245,1.31265,3.00,2.32
2017.10.30 08:03:33.541,1.31246,1.31264,1.87,1.00
2017.10.30 08:03:33.949,1.31249,1.31265,1.50,1.00
2017.10.30 08:03:34.256,1.31256,1.31271,1.00,1.10
2017.10.30 08:03:34.360,1.31256,1.31274,1.50,2.32
2017.10.30 08:03:34.411,1.3126,1.31274,1.12,1.57
2017.10.30 08:03:34.928,1.31266,1.31278,1.00,1.07
2017.10.30 08:03:34.979,1.31266,1.3128,1.00,1.00
2017.10.30 08:03:35.032,1.31262,1.31281,2.25,1.00
2017.10.30 08:03:35.134,1.31265,1.31281,1.37,1.00
2017.10.30 08:03:35.288,1.31266,1.31283,1.87,1.10
2017.10.30 08:03:36.233,1.31264,1.31284,2.25,1.50
2017.10.30 08:03:37.175,1.31266,1.31283,1.12,1.00
2017.10.30 08:03:38.369,1.31265,1.31284,1.87,1.10
2017.10.30 08:03:39.198,1.31267,1.31284,1.00,1.00
2017.10.30 08:03:39.460,1.31266,1.31281,1.12,1.00
2017.10.30 08:03:39.743,1.31261,1.31279,1.00,1.07
2017.10.30 08:03:39.795,1.31258,1.31274,1.12,1.00
2017.10.30 08:03:40.155,1.31256,1.31273,1.50,1.00
2017.10.30 08:03:40.407,1.31253,1.31273,2.25,1.00
2017.10.30 08:03:40.459,1.31256,1.31273,1.00,1.50
2017.10.30 08:03:40.768,1.31261,1.31277,1.00,1.50
2017.10.30 08:03:41.079,1.31266,1.31277,1.00,1.00
2017.10.30 08:03:41.131,1.31264,1.31283,1.00,1.10
2017.10.30 08:03:41.332,1.31265,1.3128,1.00,1.00
2017.10.30 08:03:41.383,1.31263,1.3128,1.00,1.00
2017.10.30 08:03:41.900,1.3126,1.3128,2.25,1.00
2017.10.30 08:03:42.309,1.31261,1.31277,1.37,1.00
2017.10.30 08:03:42.361,1.31261,1.3128,1.37,1.00
2017.10.30 08:03:43.054,1.31265,1.31281,1.50,1.00
2017.10.30 08:03:43.156,1.31266,1.31286,1.00,1.50
2017.10.30 08:03:43.260,1.31264,1.31282,1.00,1.00
2017.10.30 08:03:43.710,1.31261,1.31277,1.00,1.00
2017.10.30 08:03:43.763,1.31262,1.3128,1.00,1.00
2017.10.30 08:03:44.071,1.3126,1.31281,1.12,1.50
2017.10.30 08:03:44.604,1.31261,1.3128,1.00,1.50
2017.10.30 08:03:45.150,1.31266,1.31279,1.00,1.50
2017.10.30 08:03:45.303,1.31261,1.31279,1.00,1.50
2017.10.30 08:03:45.725,1.31261,1.31277,1.00,1.00
2017.10.30 08:03:45.829,1.3126,1.31279,1.87,1.00
2017.10.30 08:03:45.880,1.3126,1.31281,1.87,1.50
2017.10.30 08:03:45.983,1.31263,1.31281,2.25,1.50
2017.10.30 08:03:46.086,1.31262,1.31279,1.12,1.00
2017.10.30 08:03:46.358,1.31265,1.3128,1.00,1.50
2017.10.30 08:03:46.617,1.31261,1.31279,1.87,1.00
2017.10.30 08:03:47.344,1.3126,1.31281,2.25,2.25
2017.10.30 08:03:47.396,1.31261,1.31279,1.87,1.00
2017.10.30 08:03:48.274,1.31266,1.3128,1.00,1.00
2017.10.30 08:03:48.325,1.31266,1.31284,1.50,2.25
2017.10.30 08:03:48.569,1.31266,1.31281,1.00,1.00
2017.10.30 08:03:48.672,1.31264,1.31281,1.50,1.00
2017.10.30 08:03:48.724,1.31262,1.3128,2.62,1.00
2017.10.30 08:03:49.182,1.31264,1.3128,1.00,1.00
2017.10.30 08:03:49.336,1.31262,1.31279,1.87,1.00
2017.10.30 08:03:49.871,1.31261,1.3128,1.87,1.00
2017.10.30 08:03:50.361,1.31261,1.31278,1.00,1.00
2017.10.30 08:03:50.668,1.31266,1.31286,2.25,1.50
2017.10.30 08:03:50.965,1.31266,1.31284,2.25,1.00
2017.10.30 08:03:51.287,1.3127,1.31286,1.00,1.50
2017.10.30 08:03:51.440,1.31267,1.31286,1.37,1.50
2017.10.30 08:03:51.643,1.31267,1.31284,1.37,1.00
2017.10.30 08:03:51.810,1.31267,1.31286,1.37,1.50
2017.10.30 08:03:52.276,1.31267,1.31284,1.37,1.00
2017.10.30 08:03:52.582,1.3127,1.31286,1.00,1.00
2017.10.30 08:03:53.151,1.31269,1.31286,1.00,1.50
2017.10.30 08:03:53.725,1.3127,1.31286,1.00,1.00
2017.10.30 08:03:54.057,1.31267,1.31285,1.87,1.00
2017.10.30 08:03:54.369,1.31266,1.31283,1.00,1.00
2017.10.30 08:03:54.880,1.31263,1.31282,2.25,1.50
2017.10.30 08:03:55.391,1.31264,1.3128,1.37,1.00
2017.10.30 08:03:55.493,1.31262,1.31279,1.00,1.00
2017.10.30 08:03:56.450,1.31261,1.31279,1.12,1.00
2017.10.30 08:03:56.663,1.31259,1.31277,1.75,1.00
2017.10.30 08:03:56.715,1.31258,1.31277,1.12,1.00
2017.10.30 08:03:57.123,1.3126,1.31276,1.00,1.00
2017.10.30 08:03:57.486,1.31252,1.31269,1.37,1.00
2017.10.30 08:03:57.539,1.31251,1.31269,1.00,1.00
2017.10.30 08:03:57.947,1.31255,1.31269,1.00,1.00
2017.10.30 08:03:58.540,1.31255,1.3127,1.00,1.00
2017.10.30 08:03:58.665,1.31251,1.3127,1.12,1.00
2017.10.30 08:03:58.716,1.31254,1.31269,1.00,1.00
2017.10.30 08:03:58.971,1.31256,1.31273,1.00,1.50
2017.10.30 08:03:59.330,1.31257,1.31275,1.12,1.00
2017.10.30 08:04:00.026,1.31257,1.31276,1.87,1.00
2017.10.30 08:04:00.231,1.31259,1.31276,1.12,1.50
2017.10.30 08:04:00.333,1.31257,1.31277,1.50,1.00
2017.10.30 08:04:00.385,1.31258,1.3127,1.00,1.00
2017.10.30 08:04:00.492,1.31256,1.3127,1.57,1.00
2017.10.30 08:04:00.544,1.31252,1.31271,1.00,1.00
2017.10.30 08:04:00.596,1.31251,1.31268,3.37,1.00
2017.10.30 08:04:00.647,1.31251,1.3127,2.62,1.00
2017.10.30 08:04:01.005,1.31255,1.3127,1.00,1.00
2017.10.30 08:04:01.312,1.31253,1.31269,1.00,1.00
2017.10.30 08:04:01.830,1.31253,1.3127,1.00,1.00
2017.10.30 08:04:02.213,1.31251,1.31271,1.87,1.00
2017.10.30 08:04:02.367,1.31252,1.31269,1.00,1.00
2017.10.30 08:04:02.894,1.31253,1.31269,1.00,1.00
2017.10.30 08:04:03.151,1.31254,1.31271,1.00,1.00
2017.10.30 08:04:03.202,1.31256,1.31271,1.00,1.00
2017.10.30 08:04:03.254,1.31257,1.31273,1.00,1.00
2017.10.30 08:04:03.357,1.31257,1.31276,1.00,1.00
2017.10.30 08:04:03.869,1.31257,1.31275,1.00,1.00
2017.10.30 08:04:04.435,1.31257,1.31274,1.00,1.00
2017.10.30 08:04:05.199,1.31257,1.31275,1.00,1.50
2017.10.30 08:04:06.027,1.31256,1.31274,1.00,1.00
2017.10.30 08:04:06.078,1.3126,1.31273,1.00,1.00
2017.10.30 08:04:06.130,1.31257,1.31272,1.00,1.00
2017.10.30 08:04:06.639,1.31256,1.31272,1.00,1.00
2017.10.30 08:04:07.394,1.31256,1.31273,1.50,1.00
2017.10.30 08:04:07.446,1.31256,1.31271,1.50,1.00
2017.10.30 08:04:08.057,1.31255,1.31272,1.00,1.00
2017.10.30 08:04:08.444,1.31254,1.3127,1.50,1.00
2017.10.30 08:04:08.801,1.31251,1.3127,1.10,1.00
2017.10.30 08:04:08.904,1.31256,1.31271,1.00,1.00
2017.10.30 08:04:08.955,1.31253,1.31271,1.00,1.00
2017.10.30 08:04:09.007,1.31254,1.31269,1.00,1.00
2017.10.30 08:04:09.527,1.31253,1.31269,1.00,1.00
2017.10.30 08:04:09.973,1.31257,1.3127,1.00,1.00
2017.10.30 08:04:10.025,1.31255,1.31271,1.00,1.00
2017.10.30 08:04:10.382,1.31252,1.31272,1.87,1.00
2017.10.30 08:04:11.027,1.31252,1.31271,1.87,1.00
2017.10.30 08:04:11.537,1.31253,1.31271,1.00,1.00
2017.10.30 08:04:11.913,1.31249,1.31268,1.95,1.00
2017.10.30 08:04:11.965,1.31251,1.3127,1.00,1.00
2017.10.30 08:04:12.336,1.31251,1.31268,1.00,1.00
2017.10.30 08:04:12.822,1.31248,1.31268,2.25,1.00
2017.10.30 08:04:13.156,1.31251,1.31267,1.00,1.00
2017.10.30 08:04:14.263,1.31248,1.31267,2.25,1.00
2017.10.30 08:04:14.315,1.31251,1.31267,1.00,1.00
2017.10.30 08:04:14.570,1.31248,1.31268,1.50,1.00
2017.10.30 08:04:15.148,1.31248,1.31267,2.25,1.00
2017.10.30 08:04:15.354,1.31251,1.31267,1.00,1.00
2017.10.30 08:04:15.629,1.31248,1.31268,1.50,1.00
2017.10.30 08:04:16.311,1.31249,1.31267,1.12,1.00
2017.10.30 08:04:16.848,1.31249,1.31268,1.12,1.00
2017.10.30 08:04:18.114,1.31249,1.31267,1.12,1.00
2017.10.30 08:04:18.794,1.31249,1.31268,1.12,1.00
2017.10.30 08:04:19.308,1.3125,1.31267,1.00,1.00
2017.10.30 08:04:19.832,1.31251,1.31267,1.00,1.00
2017.10.30 08:04:20.044,1.31251,1.31269,1.00,1.00
2017.10.30 08:04:20.554,1.31251,1.31268,1.00,1.00
2017.10.30 08:04:21.105,1.31252,1.31269,1.00,1.00
2017.10.30 08:04:21.461,1.31255,1.31269,1.00,1.00
2017.10.30 08:04:21.615,1.31265,1.31282,1.75,1.00
2017.10.30 08:04:21.717,1.31269,1.31284,1.00,1.00
2017.10.30 08:04:21.820,1.31274,1.31292,1.00,1.00
2017.10.30 08:04:21.871,1.31287,1.31294,1.00,1.50
2017.10.30 08:04:22.028,1.31286,1.31304,1.00,1.00
2017.10.30 08:04:22.096,1.31289,1.31306,1.00,1.50
2017.10.30 08:04:22.153,1.31286,1.31305,1.00,1.50
2017.10.30 08:04:22.205,1.3129,1.31306,1.00,1.00
2017.10.30 08:04:22.257,1.31293,1.31312,1.00,1.50
2017.10.30 08:04:22.308,1.31295,1.31318,1.00,1.20
2017.10.30 08:04:22.360,1.31297,1.31318,1.00,1.20
2017.10.30 08:04:22.703,1.31293,1.31312,1.00,1.00
2017.10.30 08:04:23.214,1.31292,1.31312,2.25,1.00
2017.10.30 08:04:23.703,1.31292,1.31315,3.00,3.07
2017.10.30 08:04:23.754,1.31293,1.31313,1.50,1.50
2017.10.30 08:04:24.357,1.31293,1.31312,2.25,1.00
2017.10.30 08:04:24.903,1.31293,1.31313,1.50,1.00
2017.10.30 08:04:25.208,1.31297,1.31317,1.87,1.50
2017.10.30 08:04:25.694,1.31299,1.31317,1.69,1.00
2017.10.30 08:04:25.899,1.31311,1.3133,1.00,1.00
2017.10.30 08:04:25.951,1.31309,1.31328,1.00,1.00
2017.10.30 08:04:26.258,1.31313,1.31334,1.50,1.00
2017.10.30 08:04:26.610,1.31311,1.31334,1.00,1.00
2017.10.30 08:04:26.662,1.31312,1.31332,1.00,1.00
2017.10.30 08:04:26.967,1.31311,1.3133,1.00,1.00
2017.10.30 08:04:27.184,1.31313,1.31333,1.00,1.00
2017.10.30 08:04:27.701,1.31312,1.31334,1.12,1.00
2017.10.30 08:04:28.843,1.31313,1.31333,1.00,1.00
2017.10.30 08:04:28.894,1.31316,1.31335,1.00,1.50
2017.10.30 08:04:29.355,1.31314,1.31335,2.25,1.00
2017.10.30 08:04:29.458,1.31312,1.31334,1.00,1.00
2017.10.30 08:04:29.963,1.31316,1.31336,1.00,1.10
2017.10.30 08:04:30.015,1.31315,1.31338,2.62,1.00
2017.10.30 08:04:30.067,1.31316,1.31338,1.75,1.00
2017.10.30 08:04:30.764,1.31319,1.31338,1.00,1.50
2017.10.30 08:04:31.693,1.31324,1.31338,1.00,1.00
2017.10.30 08:04:31.745,1.31326,1.31345,1.00,2.25
2017.10.30 08:04:31.796,1.31324,1.31346,1.00,2.25
2017.10.30 08:04:31.848,1.31326,1.31345,1.00,1.00
2017.10.30 08:04:32.155,1.31324,1.31345,1.50,1.50
2017.10.30 08:04:32.207,1.31324,1.31343,2.25,1.00
2017.10.30 08:04:32.514,1.3133,1.31346,1.00,1.00
2017.10.30 08:04:32.923,1.31326,1.31345,1.00,1.00
2017.10.30 08:04:32.974,1.31329,1.31343,1.00,1.00
2017.10.30 08:04:33.026,1.31329,1.31346,1.00,1.00
2017.10.30 08:04:33.282,1.31331,1.31347,1.00,1.00
2017.10.30 08:04:33.811,1.31328,1.31348,1.12,1.00
2017.10.30 08:04:34.314,1.31327,1.31347,1.50,1.00
2017.10.30 08:04:34.584,1.31327,1.31345,1.50,1.00
2017.10.30 08:04:34.906,1.31323,1.3134,1.00,1.00
2017.10.30 08:04:35.212,1.31321,1.31338,1.50,1.00
2017.10.30 08:04:35.745,1.3132,1.31329,1.00,1.00
2017.10.30 08:04:35.797,1.31314,1.31329,1.00,1.00
2017.10.30 08:04:35.849,1.31313,1.31327,2.25,1.00
2017.10.30 08:04:36.382,1.31312,1.31328,1.12,1.00
2017.10.30 08:04:36.536,1.31309,1.31327,1.12,1.00
2017.10.30 08:04:36.587,1.31309,1.31324,1.12,1.00
2017.10.30 08:04:36.689,1.31308,1.31326,1.87,1.00
2017.10.30 08:04:37.300,1.31309,1.31325,1.00,1.00
2017.10.30 08:04:37.792,1.31307,1.31326,1.00,1.00
2017.10.30 08:04:38.015,1.31309,1.31326,1.00,1.00
2017.10.30 08:04:38.313,1.31307,1.31326,1.00,1.00
2017.10.30 08:04:38.627,1.31311,1.31326,1.00,1.00
2017.10.30 08:04:38.896,1.31306,1.31323,1.50,1.00
2017.10.30 08:04:38.948,1.31306,1.31321,1.00,1.00
2017.10.30 08:04:39.313,1.31306,1.31319,1.00,1.00
2017.10.30 08:04:39.824,1.31305,1.31319,1.00,1.00
2017.10.30 08:04:40.349,1.31306,1.31319,1.00,1.00
2017.10.30 08:04:40.851,1.31305,1.31319,1.00,1.00
2017.10.30 08:04:41.400,1.31304,1.3132,1.00,1.00
2017.10.30 08:04:41.721,1.31301,1.3132,1.50,1.00
2017.10.30 08:04:41.772,1.31304,1.31318,1.00,1.00
2017.10.30 08:04:41.825,1.31301,1.3132,1.50,1.00
2017.10.30 08:04:42.237,1.31301,1.31318,1.00,1.00
2017.10.30 08:04:42.392,1.31299,1.31318,1.00,1.00
2017.10.30 08:04:42.444,1.31296,1.31317,2.32,1.00
2017.10.30 08:04:42.629,1.31295,1.31314,1.00,1.00
2017.10.30 08:04:43.229,1.31294,1.31314,1.50,1.00
2017.10.30 08:04:43.761,1.31294,1.31313,1.50,1.00
2017.10.30 08:04:44.068,1.31291,1.31311,1.50,1.00
2017.10.30 08:04:44.120,1.3129,1.31309,3.00,1.00
2017.10.30 08:04:44.427,1.31292,1.31309,1.00,1.00
2017.10.30 08:04:44.952,1.31291,1.31308,1.00,1.00
2017.10.30 08:04:45.479,1.31287,1.31307,1.12,1.00
2017.10.30 08:04:45.530,1.31291,1.31307,1.00,1.00
2017.10.30 08:04:45.695,1.31287,1.31307,1.50,1.00
2017.10.30 08:04:46.974,1.31291,1.31307,1.00,1.00
2017.10.30 08:04:47.258,1.31287,1.31306,1.00,1.00
2017.10.30 08:04:47.771,1.31287,1.31307,1.50,1.00
2017.10.30 08:04:48.287,1.31288,1.31307,1.00,1.00
2017.10.30 08:04:48.509,1.3129,1.31308,1.00,1.00
2017.10.30 08:04:49.822,1.31287,1.31308,1.00,1.00
2017.10.30 08:04:50.449,1.31287,1.31307,1.50,1.00
2017.10.30 08:04:51.396,1.31288,1.31307,1.00,1.00
2017.10.30 08:04:51.795,1.3129,1.31308,1.00,1.00
2017.10.30 08:04:52.266,1.31291,1.31305,1.00,1.00
2017.10.30 08:04:52.522,1.31286,1.31304,1.50,1.50
2017.10.30 08:04:52.701,1.31285,1.31302,1.00,1.00
2017.10.30 08:04:52.858,1.31282,1.31301,1.00,1.00
2017.10.30 08:04:53.029,1.31281,1.31299,1.12,1.00
2017.10.30 08:04:53.285,1.31279,1.31299,1.50,1.00
2017.10.30 08:04:53.337,1.31279,1.31297,2.25,1.00
2017.10.30 08:04:53.615,1.31268,1.31287,1.12,1.00
2017.10.30 08:04:54.127,1.31269,1.31288,1.00,1.00
2017.10.30 08:04:54.180,1.31268,1.31289,1.75,1.00
2017.10.30 08:04:54.543,1.31273,1.3129,1.00,1.00
2017.10.30 08:04:54.595,1.31274,1.31292,1.00,1.00
2017.10.30 08:04:55.139,1.31273,1.31294,1.50,1.00
2017.10.30 08:04:55.241,1.31277,1.31296,1.00,2.25
2017.10.30 08:04:55.657,1.3128,1.31298,1.12,1.00
2017.10.30 08:04:55.709,1.3128,1.313,1.12,1.00
2017.10.30 08:04:56.223,1.31281,1.31299,1.00,1.00
2017.10.30 08:04:56.736,1.3128,1.31299,2.62,1.00
2017.10.30 08:04:56.864,1.31282,1.31299,1.00,1.00
2017.10.30 08:04:57.068,1.31283,1.31302,1.50,1.00
2017.10.30 08:04:57.656,1.31285,1.31302,1.00,1.00
2017.10.30 08:04:57.999,1.31287,1.31302,1.00,1.00
2017.10.30 08:04:58.052,1.31286,1.31304,1.50,1.50
2017.10.30 08:04:58.565,1.31286,1.31304,1.87,1.00
2017.10.30 08:04:58.728,1.31286,1.31306,1.37,1.50
2017.10.30 08:04:59.048,1.31291,1.31306,1.00,1.00
2017.10.30 08:04:59.151,1.31288,1.31308,2.25,1.00
2017.10.30 08:04:59.203,1.3129,1.31309,1.00,1.50
2017.10.30 08:04:59.409,1.31288,1.31308,1.00,1.50
2017.10.30 08:04:59.584,1.31288,1.31306,1.00,1.00
2017.10.30 08:05:00.124,1.31288,1.31307,1.00,1.00
2017.10.30 08:05:00.227,1.31286,1.31306,2.25,1.00
2017.10.30 08:05:00.329,1.31287,1.31304,1.00,1.00
2017.10.30 08:05:00.773,1.31288,1.31306,1.00,1.00
2017.10.30 08:05:00.824,1.31286,1.31307,1.50,1.00
2017.10.30 08:05:01.029,1.31288,1.31306,1.50,1.00
2017.10.30 08:05:01.347,1.31284,1.31299,1.00,1.00
2017.10.30 08:05:01.399,1.3128,1.31299,1.00,1.00
2017.10.30 08:05:01.557,1.3128,1.31297,1.00,1.00
2017.10.30 08:05:01.872,1.31286,1.31306,1.87,1.50
2017.10.30 08:05:02.144,1.31285,1.31306,1.12,1.00
2017.10.30 08:05:02.196,1.31284,1.31304,1.75,1.00
2017.10.30 08:05:02.247,1.31282,1.31304,1.12,1.00
2017.10.30 08:05:02.299,1.31282,1.313,1.12,1.00
2017.10.30 08:05:02.656,1.31281,1.31297,1.50,1.00
2017.10.30 08:05:02.758,1.3128,1.31299,2.25,1.00
2017.10.30 08:05:03.395,1.3128,1.313,1.75,1.00
2017.10.30 08:05:04.028,1.31281,1.31299,1.50,1.00
2017.10.30 08:05:04.080,1.31279,1.31293,1.00,1.00
2017.10.30 08:05:04.133,1.31279,1.31297,1.00,1.00
2017.10.30 08:05:04.287,1.31277,1.3129,1.50,1.00
2017.10.30 08:05:04.338,1.31275,1.31294,1.00,1.00
2017.10.30 08:05:05.150,1.31274,1.31292,1.87,1.00
2017.10.30 08:05:05.456,1.31272,1.31289,1.50,1.00
2017.10.30 08:05:05.559,1.31271,1.3129,1.00,1.00
2017.10.30 08:05:05.977,1.3127,1.31287,1.00,1.00
2017.10.30 08:05:06.221,1.31272,1.3129,1.00,1.00
2017.10.30 08:05:06.273,1.3127,1.3129,1.00,1.00
2017.10.30 08:05:06.433,1.31272,1.3129,1.00,1.00
2017.10.30 08:05:07.049,1.31271,1.3129,1.00,1.00
2017.10.30 08:05:07.353,1.31278,1.31295,1.00,1.00
2017.10.30 08:05:07.611,1.31274,1.31293,1.00,1.00
2017.10.30 08:05:07.663,1.31275,1.31295,1.50,1.00
2017.10.30 08:05:07.715,1.31277,1.31295,1.50,1.00
2017.10.30 08:05:08.024,1.31279,1.31295,1.00,1.00
2017.10.30 08:05:08.400,1.31281,1.31301,1.00,1.00
2017.10.30 08:05:08.452,1.31283,1.31301,1.00,1.00
2017.10.30 08:05:08.762,1.31285,1.31304,2.25,1.00
2017.10.30 08:05:08.814,1.31289,1.31304,1.00,1.00
2017.10.30 08:05:09.278,1.31285,1.31304,2.25,1.50
2017.10.30 08:05:09.558,1.31282,1.31304,2.25,1.50
2017.10.30 08:05:10.010,1.31284,1.31304,1.00,1.00
2017.10.30 08:05:10.061,1.31282,1.31304,1.50,1.50
2017.10.30 08:05:10.589,1.31286,1.31304,1.00,1.50
2017.10.30 08:05:10.793,1.31282,1.31304,1.00,1.00
2017.10.30 08:05:11.048,1.31286,1.31304,1.00,1.00
2017.10.30 08:05:11.152,1.31284,1.31304,1.00,1.00
2017.10.30 08:05:11.305,1.31282,1.31304,1.87,1.00
2017.10.30 08:05:13.382,1.31282,1.31303,1.12,1.00
2017.10.30 08:05:13.642,1.31282,1.31299,1.12,1.00
2017.10.30 08:05:13.916,1.31282,1.31301,1.00,2.25
2017.10.30 08:05:14.070,1.3128,1.313,1.00,1.50
2017.10.30 08:05:14.429,1.31278,1.31299,1.50,1.50
2017.10.30 08:05:14.480,1.31278,1.31297,1.50,1.00
2017.10.30 08:05:15.686,1.31277,1.31295,1.12,1.00
2017.10.30 08:05:15.738,1.31278,1.31297,1.00,1.50
2017.10.30 08:05:16.356,1.31275,1.31299,1.87,1.57
2017.10.30 08:05:16.561,1.31278,1.31293,1.00,1.00
2017.10.30 08:05:16.613,1.31275,1.31297,1.50,1.57
2017.10.30 08:05:16.664,1.31275,1.31296,2.25,1.10
2017.10.30 08:05:16.818,1.31277,1.31295,1.00,1.00
2017.10.30 08:05:16.870,1.31274,1.31295,1.12,1.50
2017.10.30 08:05:17.511,1.31277,1.31295,1.00,1.00
2017.10.30 08:05:17.819,1.3128,1.31297,1.00,1.00
2017.10.30 08:05:17.973,1.31278,1.31297,1.00,1.50
2017.10.30 08:05:18.369,1.31274,1.31294,1.12,1.00
2017.10.30 08:05:18.836,1.31276,1.31295,1.00,1.00
2017.10.30 08:05:19.153,1.3128,1.31297,1.00,1.50
2017.10.30 08:05:20.017,1.31285,1.31299,1.00,1.00
2017.10.30 08:05:20.121,1.31287,1.31303,1.00,1.00
2017.10.30 08:05:20.172,1.31289,1.31303,1.00,1.00
2017.10.30 08:05:20.478,1.31291,1.31303,1.00,1.00
2017.10.30 08:05:20.580,1.3129,1.31306,1.00,1.00
2017.10.30 08:05:20.884,1.31291,1.31309,1.00,1.00
2017.10.30 08:05:21.335,1.31289,1.31308,1.00,1.00
2017.10.30 08:05:21.815,1.31291,1.31309,1.00,1.00
2017.10.30 08:05:22.181,1.31287,1.31308,1.87,1.00
2017.10.30 08:05:22.232,1.31287,1.31305,1.12,1.00
2017.10.30 08:05:24.227,1.31286,1.31304,1.37,1.00
2017.10.30 08:05:24.806,1.31286,1.31305,1.37,1.50
2017.10.30 08:05:26.612,1.31286,1.31304,1.37,1.00
2017.10.30 08:05:27.127,1.31286,1.31305,1.37,1.00
2017.10.30 08:05:28.262,1.31286,1.31305,1.00,1.00
2017.10.30 08:05:28.820,1.31285,1.31304,1.00,1.00
2017.10.30 08:05:29.601,1.31285,1.31305,1.00,1.50
2017.10.30 08:05:30.254,1.31285,1.31305,1.00,1.57
2017.10.30 08:05:30.631,1.31285,1.31302,1.00,1.00
2017.10.30 08:05:30.938,1.3128,1.31295,1.00,1.00
2017.10.30 08:05:31.445,1.3128,1.31296,1.00,1.00
2017.10.30 08:05:31.497,1.31277,1.31295,1.00,1.00
2017.10.30 08:05:31.548,1.31275,1.31293,1.00,1.00
2017.10.30 08:05:31.754,1.31271,1.31292,1.00,1.12
2017.10.30 08:05:31.806,1.31273,1.31292,1.00,1.87
2017.10.30 08:05:31.960,1.31266,1.31288,1.87,1.00
2017.10.30 08:05:32.012,1.31269,1.31288,1.50,1.00
2017.10.30 08:05:32.115,1.31269,1.31291,2.25,1.00
2017.10.30 08:05:32.167,1.31267,1.31289,1.12,1.00
2017.10.30 08:05:32.512,1.31272,1.31288,1.00,1.00
2017.10.30 08:05:32.615,1.31272,1.31291,1.00,1.50
2017.10.30 08:05:32.972,1.31274,1.31291,1.00,1.50
2017.10.30 08:05:33.476,1.31275,1.31291,1.00,1.00
2017.10.30 08:05:33.529,1.31272,1.3129,1.00,1.00
2017.10.30 08:05:33.788,1.3127,1.31288,1.00,1.00
2017.10.30 08:05:34.213,1.31276,1.31291,1.00,1.00
2017.10.30 08:05:34.268,1.31277,1.31293,1.00,1.00
2017.10.30 08:05:34.627,1.31273,1.31295,1.50,2.25
2017.10.30 08:05:34.679,1.31274,1.31293,1.00,1.00
2017.10.30 08:05:35.008,1.31276,1.31292,1.00,1.00
2017.10.30 08:05:35.060,1.31276,1.31294,1.00,1.00
2017.10.30 08:05:35.339,1.31274,1.31294,1.00,1.50
2017.10.30 08:05:36.059,1.31276,1.31294,1.00,1.00
2017.10.30 08:05:36.871,1.31275,1.31293,1.00,1.00
2017.10.30 08:05:37.179,1.31277,1.31293,1.37,1.00
2017.10.30 08:05:37.324,1.31279,1.31296,1.00,1.00
2017.10.30 08:05:37.377,1.31279,1.31298,1.75,1.00
2017.10.30 08:05:37.736,1.31279,1.31298,1.12,1.00
2017.10.30 08:05:37.787,1.31279,1.31295,1.12,1.00
2017.10.30 08:05:37.839,1.31276,1.31295,1.50,1.00
2017.10.30 08:05:39.153,1.31279,1.31297,1.00,1.00
2017.10.30 08:05:39.459,1.31282,1.31301,1.00,1.00
2017.10.30 08:05:39.767,1.31283,1.31298,1.00,1.00
2017.10.30 08:05:39.818,1.3128,1.31297,1.50,1.00
2017.10.30 08:05:40.023,1.31277,1.31294,1.50,1.00
2017.10.30 08:05:40.126,1.31274,1.31293,1.00,1.00
2017.10.30 08:05:40.538,1.31275,1.31295,1.00,1.50
2017.10.30 08:05:40.948,1.31278,1.31296,1.00,1.00
2017.10.30 08:05:41.254,1.31274,1.31293,1.00,1.00
2017.10.30 08:05:41.560,1.31276,1.31293,1.37,1.00
2017.10.30 08:05:41.728,1.31274,1.31293,1.00,1.00
2017.10.30 08:05:41.936,1.31273,1.31291,1.00,1.00
2017.10.30 08:05:42.244,1.31265,1.31282,1.00,1.50
2017.10.30 08:05:42.296,1.31262,1.3128,1.50,1.00
2017.10.30 08:05:42.799,1.3126,1.3128,1.37,1.10
2017.10.30 08:05:42.942,1.3126,1.3128,1.75,1.10
2017.10.30 08:05:43.096,1.31261,1.31282,1.12,1.07
2017.10.30 08:05:43.302,1.31263,1.31282,1.00,1.57
2017.10.30 08:05:43.353,1.31261,1.31281,2.62,1.00
2017.10.30 08:05:43.405,1.31261,1.31276,1.50,1.50
2017.10.30 08:05:43.456,1.31261,1.31278,1.00,1.10
2017.10.30 08:05:43.964,1.31261,1.31279,1.00,1.57
2017.10.30 08:05:44.245,1.31259,1.31279,1.12,1.57
2017.10.30 08:05:44.398,1.31261,1.31279,1.00,1.57
2017.10.30 08:05:44.615,1.31259,1.31279,1.87,1.57
2017.10.30 08:05:44.823,1.31265,1.31278,1.00,1.10
2017.10.30 08:05:44.874,1.31266,1.31283,1.00,1.10
2017.10.30 08:05:45.086,1.31266,1.31286,1.50,2.32
2017.10.30 08:05:45.494,1.31269,1.31286,1.00,1.00
2017.10.30 08:05:45.648,1.31278,1.31297,1.12,1.07
2017.10.30 08:05:45.801,1.31286,1.31298,1.00,1.10
2017.10.30 08:05:45.853,1.31285,1.31302,1.00,1.00
2017.10.30 08:05:45.905,1.31287,1.31302,1.00,1.50
2017.10.30 08:05:45.956,1.31287,1.31304,1.00,1.00
2017.10.30 08:05:46.237,1.31284,1.31303,1.00,1.00
2017.10.30 08:05:46.646,1.31283,1.31301,1.12,1.00
2017.10.30 08:05:46.800,1.31278,1.31297,1.87,1.00
2017.10.30 08:05:47.052,1.31277,1.31295,1.87,1.00
2017.10.30 08:05:48.909,1.31277,1.31296,1.37,1.00
2017.10.30 08:05:49.244,1.31277,1.31294,1.87,1.00
2017.10.30 08:05:50.271,1.31276,1.31295,2.25,1.00
2017.10.30 08:05:50.787,1.31277,1.31294,1.37,1.00
2017.10.30 08:05:51.301,1.31276,1.31296,1.50,1.50
2017.10.30 08:05:51.352,1.31277,1.31294,1.37,1.00
2017.10.30 08:05:51.864,1.31277,1.31293,1.37,1.00
2017.10.30 08:05:52.441,1.31271,1.31288,2.25,1.00
2017.10.30 08:05:52.952,1.3127,1.31287,1.12,1.00
2017.10.30 08:05:53.336,1.31268,1.31287,1.87,1.00
2017.10.30 08:05:53.691,1.31266,1.31286,1.12,1.50
2017.10.30 08:05:53.794,1.31265,1.31284,2.25,1.00
2017.10.30 08:05:54.050,1.31266,1.31286,1.12,1.50
2017.10.30 08:05:54.246,1.31271,1.31286,1.00,1.00
2017.10.30 08:05:54.453,1.31283,1.31302,1.12,1.00
2017.10.30 08:05:54.555,1.31281,1.31301,1.00,1.00
2017.10.30 08:05:54.658,1.31281,1.31299,1.00,1.00
2017.10.30 08:05:55.241,1.3128,1.31297,1.00,1.00
2017.10.30 08:05:55.612,1.31284,1.31302,1.00,2.25
2017.10.30 08:05:56.022,1.31282,1.31298,1.50,1.00
2017.10.30 08:05:56.170,1.3128,1.31298,1.00,1.50
2017.10.30 08:05:56.717,1.3128,1.31299,1.00,1.00
2017.10.30 08:05:57.319,1.3128,1.31298,1.00,1.00
2017.10.30 08:05:58.036,1.3128,1.31299,1.00,1.50
2017.10.30 08:05:58.537,1.3128,1.31298,1.00,1.00
2017.10.30 08:05:58.695,1.31278,1.31296,1.50,1.50
2017.10.30 08:05:58.900,1.3128,1.31299,1.00,1.00
2017.10.30 08:05:59.706,1.31278,1.31299,1.87,2.25
2017.10.30 08:05:59.758,1.31278,1.31296,1.50,1.00
2017.10.30 08:06:00.103,1.31278,1.31295,2.25,1.00
2017.10.30 08:06:00.155,1.31278,1.31297,2.25,1.00
2017.10.30 08:06:00.571,1.31278,1.31296,1.50,1.50
2017.10.30 08:06:00.767,1.31276,1.31295,1.50,1.00
2017.10.30 08:06:01.093,1.31275,1.31293,1.50,1.50
2017.10.30 08:06:01.246,1.31272,1.31291,1.87,1.00
2017.10.30 08:06:01.753,1.31272,1.3129,1.00,1.50
2017.10.30 08:06:01.855,1.3127,1.3129,2.25,1.50
2017.10.30 08:06:02.059,1.31269,1.31286,1.00,1.00
2017.10.30 08:06:02.110,1.31267,1.31285,1.50,1.00
2017.10.30 08:06:02.162,1.31265,1.31285,1.00,1.50
2017.10.30 08:06:02.367,1.31262,1.31282,1.00,1.00
2017.10.30 08:06:02.673,1.31261,1.3128,1.87,1.00
2017.10.30 08:06:03.002,1.31258,1.31276,1.00,1.00
2017.10.30 08:06:03.529,1.31258,1.31277,1.00,1.00
2017.10.30 08:06:04.271,1.31258,1.31276,1.50,1.00
2017.10.30 08:06:04.577,1.3126,1.31277,1.00,1.00
2017.10.30 08:06:04.628,1.31258,1.31276,1.00,1.00
2017.10.30 08:06:04.680,1.3126,1.31277,1.00,1.00
2017.10.30 08:06:04.883,1.31258,1.31277,1.00,1.00
2017.10.30 08:06:05.593,1.31254,1.31272,1.00,1.00
2017.10.30 08:06:05.901,1.31249,1.31267,1.00,1.00
2017.10.30 08:06:06.440,1.3125,1.31266,1.00,1.00
2017.10.30 08:06:06.901,1.31248,1.31266,1.00,1.00
2017.10.30 08:06:07.005,1.31246,1.31266,1.00,1.50
2017.10.30 08:06:07.627,1.31246,1.31265,1.00,1.00
2017.10.30 08:06:08.157,1.31246,1.31264,1.00,1.00
2017.10.30 08:06:08.723,1.31246,1.31263,1.00,1.00
2017.10.30 08:06:10.138,1.31246,1.31262,1.00,1.00
2017.10.30 08:06:10.342,1.31248,1.31262,1.00,1.00
2017.10.30 08:06:10.393,1.31248,1.31265,1.00,1.50
2017.10.30 08:06:11.298,1.31247,1.31265,1.00,1.00
2017.10.30 08:06:11.350,1.31247,1.31267,1.00,1.50
2017.10.30 08:06:11.604,1.31248,1.31265,1.00,1.00
2017.10.30 08:06:12.186,1.31247,1.31265,1.00,1.00
2017.10.30 08:06:12.597,1.31243,1.31262,2.25,1.50
2017.10.30 08:06:12.699,1.31242,1.31259,1.00,1.00
2017.10.30 08:06:13.239,1.31241,1.31259,1.50,1.00
2017.10.30 08:06:17.468,1.31242,1.31259,1.00,1.00
2017.10.30 08:06:17.723,1.31243,1.31261,1.00,1.00
2017.10.30 08:06:17.932,1.31244,1.31263,1.00,1.50
2017.10.30 08:06:18.091,1.31246,1.31264,1.00,1.50
2017.10.30 08:06:18.334,1.3124,1.3126,2.25,1.00
2017.10.30 08:06:18.385,1.31242,1.31262,1.50,1.50
2017.10.30 08:06:18.693,1.31247,1.31266,1.00,1.00
2017.10.30 08:06:19.025,1.31249,1.31267,1.00,1.00
2017.10.30 08:06:19.542,1.31249,1.31269,1.00,1.00
2017.10.30 08:06:20.059,1.31249,1.3127,1.50,1.50
2017.10.30 08:06:20.578,1.3125,1.3127,1.50,1.00
2017.10.30 08:06:20.803,1.31253,1.3127,1.00,1.00
2017.10.30 08:06:20.855,1.3125,1.3127,1.50,1.00
2017.10.30 08:06:22.068,1.31251,1.31268,1.00,1.00
2017.10.30 08:06:22.373,1.31252,1.3127,1.00,1.50
2017.10.30 08:06:22.425,1.3125,1.31268,2.25,1.00
2017.10.30 08:06:23.034,1.31252,1.3127,1.00,1.50
2017.10.30 08:06:23.136,1.3125,1.3127,2.25,1.00
2017.10.30 08:06:23.188,1.31252,1.3127,1.00,1.00
2017.10.30 08:06:23.703,1.31252,1.31271,1.00,1.00
2017.10.30 08:06:24.569,1.31252,1.3127,1.00,1.00
2017.10.30 08:06:24.874,1.31248,1.31266,1.00,1.00
2017.10.30 08:06:25.402,1.31247,1.31265,1.50,1.00
2017.10.30 08:06:25.711,1.31247,1.31267,1.50,1.00
2017.10.30 08:06:26.253,1.31248,1.31267,1.50,1.00
2017.10.30 08:06:26.946,1.31249,1.31267,1.00,1.00
2017.10.30 08:06:27.656,1.31248,1.31267,1.50,1.00
2017.10.30 08:06:28.196,1.31248,1.31268,1.00,1.00
2017.10.30 08:06:28.827,1.31247,1.31268,1.50,1.00
2017.10.30 08:06:29.420,1.31248,1.31267,1.00,1.00
2017.10.30 08:06:30.783,1.31247,1.31267,1.00,1.00
2017.10.30 08:06:31.325,1.31248,1.31266,1.50,1.00
2017.10.30 08:06:31.939,1.31248,1.31265,1.00,1.00
2017.10.30 08:06:32.469,1.31247,1.31265,1.50,1.00
2017.10.30 08:06:32.980,1.31248,1.31266,1.00,1.50
2017.10.30 08:06:33.529,1.31249,1.31266,1.00,1.00
2017.10.30 08:06:34.441,1.31247,1.31266,1.50,1.00
2017.10.30 08:06:34.815,1.31249,1.31266,1.00,1.00
2017.10.30 08:06:35.341,1.31249,1.31265,1.00,1.00
2017.10.30 08:06:35.866,1.3125,1.31266,1.00,1.00
2017.10.30 08:06:36.051,1.31248,1.31266,1.50,1.00
2017.10.30 08:06:36.861,1.3125,1.31266,1.00,1.00
2017.10.30 08:06:36.912,1.31247,1.31266,2.25,1.00
2017.10.30 08:06:37.422,1.31248,1.31266,1.00,1.00
2017.10.30 08:06:37.932,1.31249,1.31266,1.00,1.00
2017.10.30 08:06:37.984,1.31251,1.31266,1.00,1.00
2017.10.30 08:06:38.088,1.31253,1.31269,1.50,1.00
2017.10.30 08:06:38.140,1.31256,1.31273,1.00,1.00
2017.10.30 08:06:38.192,1.31254,1.31273,1.00,1.00
2017.10.30 08:06:38.371,1.31256,1.31273,1.50,1.00
2017.10.30 08:06:38.783,1.31258,1.31273,1.00,1.00
2017.10.30 08:06:39.861,1.31257,1.31273,1.00,1.00
2017.10.30 08:06:41.020,1.31255,1.31271,1.12,1.00
2017.10.30 08:06:41.124,1.31252,1.31269,1.00,1.00
2017.10.30 08:06:41.277,1.31248,1.31268,3.00,1.50
2017.10.30 08:06:42.234,1.31249,1.31267,1.00,1.00
2017.10.30 08:06:42.844,1.31248,1.31268,2.25,1.50
2017.10.30 08:06:43.778,1.31249,1.31267,1.00,1.00
2017.10.30 08:06:44.091,1.3125,1.31269,1.00,1.50
2017.10.30 08:06:44.143,1.31253,1.31273,1.00,2.25
2017.10.30 08:06:44.593,1.31255,1.31272,1.00,1.00
2017.10.30 08:06:45.103,1.31254,1.31271,1.00,1.00
2017.10.30 08:06:45.651,1.31254,1.31272,1.00,1.00
2017.10.30 08:06:46.135,1.31256,1.31273,1.00,1.00
2017.10.30 08:06:46.238,1.31255,1.31275,1.00,1.50
2017.10.30 08:06:46.749,1.31255,1.31274,1.50,1.50
2017.10.30 08:06:47.039,1.31254,1.31272,1.50,1.00
2017.10.30 08:06:47.569,1.31254,1.31271,1.00,1.00
2017.10.30 08:06:47.981,1.31253,1.31273,1.00,1.00
2017.10.30 08:06:48.714,1.31253,1.31272,1.50,1.00
2017.10.30 08:06:49.396,1.31253,1.31273,1.00,1.00
2017.10.30 08:06:49.915,1.31253,1.31272,1.50,1.00
2017.10.30 08:06:50.311,1.31255,1.31272,1.00,1.00
2017.10.30 08:06:50.362,1.31255,1.31274,1.50,1.00
2017.10.30 08:06:50.515,1.31254,1.31272,1.00,1.00
2017.10.30 08:06:50.822,1.31252,1.3127,1.00,1.50
2017.10.30 08:06:51.156,1.31252,1.31268,1.00,1.50
2017.10.30 08:06:51.795,1.31251,1.31268,1.00,1.00
2017.10.30 08:06:52.049,1.31248,1.31267,2.32,1.00
2017.10.30 08:06:52.562,1.31248,1.31268,1.57,1.00
2017.10.30 08:06:53.131,1.31249,1.31267,1.10,1.00
2017.10.30 08:06:53.548,1.31251,1.31268,1.00,1.00
2017.10.30 08:06:53.601,1.31248,1.31268,3.07,1.50
2017.10.30 08:06:54.008,1.31248,1.31266,1.50,1.00
2017.10.30 08:06:54.523,1.31248,1.31267,1.50,1.00
2017.10.30 08:06:55.067,1.31249,1.31267,1.00,1.00
2017.10.30 08:06:55.945,1.31249,1.31266,1.00,1.00
2017.10.30 08:06:56.620,1.31249,1.31267,1.00,1.00
2017.10.30 08:06:57.160,1.31249,1.31266,1.00,1.00
2017.10.30 08:06:57.903,1.31249,1.31267,2.32,1.00
2017.10.30 08:06:58.209,1.31252,1.31267,1.12,1.00
2017.10.30 08:06:58.464,1.31249,1.31267,1.00,1.50
2017.10.30 08:06:58.773,1.31249,1.31265,1.00,1.00
2017.10.30 08:06:58.825,1.31249,1.31267,1.00,1.00
2017.10.30 08:06:59.437,1.31249,1.31268,1.00,1.00
2017.10.30 08:06:59.540,1.31249,1.31266,1.00,1.00
2017.10.30 08:07:00.060,1.31249,1.31267,1.00,1.00
2017.10.30 08:07:00.417,1.31249,1.31269,2.62,1.50
2017.10.30 08:07:00.519,1.31251,1.31269,1.00,1.00
2017.10.30 08:07:01.115,1.3125,1.31269,1.00,1.00
2017.10.30 08:07:01.316,1.3125,1.31272,1.10,2.25
2017.10.30 08:07:01.369,1.31254,1.31272,1.12,1.50
2017.10.30 08:07:01.676,1.31261,1.31279,1.12,1.50
2017.10.30 08:07:01.829,1.31259,1.3128,1.00,1.50
2017.10.30 08:07:01.881,1.31259,1.31278,1.00,1.00
2017.10.30 08:07:01.933,1.31259,1.3128,1.00,1.50
2017.10.30 08:07:02.035,1.3126,1.31279,1.37,1.00
2017.10.30 08:07:02.512,1.31261,1.31281,1.87,1.00
2017.10.30 08:07:03.062,1.31261,1.3128,1.87,1.00
2017.10.30 08:07:03.775,1.31261,1.31281,1.87,1.50
2017.10.30 08:07:03.928,1.31263,1.31281,1.00,1.50
2017.10.30 08:07:04.132,1.31261,1.3128,1.12,1.00
2017.10.30 08:07:04.692,1.31261,1.31279,1.87,1.00
2017.10.30 08:07:05.425,1.31261,1.31278,1.12,1.00
2017.10.30 08:07:05.934,1.31261,1.31277,1.12,1.00
2017.10.30 08:07:06.769,1.31259,1.31279,2.25,1.00
2017.10.30 08:07:08.406,1.31262,1.31279,1.00,1.00
2017.10.30 08:07:08.561,1.31264,1.31279,1.00,1.00
2017.10.30 08:07:08.714,1.31265,1.31283,1.00,1.50
2017.10.30 08:07:08.907,1.31262,1.31283,1.87,1.00
2017.10.30 08:07:08.959,1.31263,1.31281,1.12,1.00
2017.10.30 08:07:09.163,1.31263,1.31283,1.12,1.50
2017.10.30 08:07:09.316,1.31263,1.31281,1.12,1.00
2017.10.30 08:07:09.472,1.31262,1.31283,1.87,1.50
2017.10.30 08:07:09.897,1.31265,1.31283,1.00,1.00
2017.10.30 08:07:10.730,1.3126,1.31278,1.00,1.50
2017.10.30 08:07:11.053,1.31264,1.31281,1.00,1.00
2017.10.30 08:07:11.105,1.31266,1.31284,1.00,1.50
2017.10.30 08:07:11.464,1.31263,1.31283,2.25,1.00
2017.10.30 08:07:11.993,1.31264,1.31283,1.87,1.00
2017.10.30 08:07:12.649,1.31263,1.31284,1.87,2.25
2017.10.30 08:07:16.771,1.31266,1.31284,1.00,1.50
2017.10.30 08:07:17.241,1.31264,1.31284,1.87,1.50
2017.10.30 08:07:19.460,1.31261,1.31284,1.50,1.50
2017.10.30 08:07:20.274,1.31262,1.31282,1.00,1.00
2017.10.30 08:07:21.534,1.31258,1.31276,1.12,1.00
2017.10.30 08:07:21.841,1.31257,1.31274,1.00,1.00
2017.10.30 08:07:22.318,1.31259,1.31275,1.00,1.00
2017.10.30 08:07:22.565,1.31256,1.31273,1.00,1.00
2017.10.30 08:07:22.617,1.31254,1.31273,1.87,1.50
2017.10.30 08:07:22.668,1.31255,1.31271,1.00,1.00
2017.10.30 08:07:22.976,1.31252,1.31271,1.00,1.50
2017.10.30 08:07:23.549,1.31252,1.3127,1.50,1.00
2017.10.30 08:07:24.496,1.31252,1.31271,1.00,1.50
2017.10.30 08:07:25.001,1.31252,1.3127,1.50,1.00
2017.10.30 08:07:25.514,1.31252,1.31272,1.50,1.10
2017.10.30 08:07:26.024,1.31253,1.31273,1.00,1.57
2017.10.30 08:07:26.537,1.31254,1.31272,1.00,1.00
2017.10.30 08:07:27.046,1.31252,1.31273,2.25,1.57
2017.10.30 08:07:27.219,1.31262,1.31276,1.00,1.00
2017.10.30 08:07:27.270,1.31264,1.31281,1.50,1.00
2017.10.30 08:07:27.323,1.3127,1.31286,1.00,1.95
2017.10.30 08:07:27.375,1.3127,1.31287,1.12,1.00
2017.10.30 08:07:27.989,1.31268,1.31285,1.00,1.00
2017.10.30 08:07:28.190,1.31269,1.31287,1.00,1.00
2017.10.30 08:07:29.927,1.31269,1.31287,1.00,1.07
2017.10.30 08:07:30.453,1.31268,1.31286,1.00,1.00
2017.10.30 08:07:30.707,1.3127,1.31286,1.00,1.00
2017.10.30 08:07:30.759,1.31272,1.31289,1.50,1.50
2017.10.30 08:07:30.911,1.31273,1.31291,1.00,1.50
2017.10.30 08:07:31.436,1.31272,1.31291,1.50,1.00
2017.10.30 08:07:31.965,1.31272,1.31292,2.25,1.50
2017.10.30 08:07:32.138,1.31275,1.31292,1.00,1.50
2017.10.30 08:07:32.497,1.31272,1.31292,1.50,1.00
2017.10.30 08:07:33.006,1.31272,1.31291,1.50,1.00
2017.10.30 08:07:33.067,1.31274,1.31291,1.00,1.00
2017.10.30 08:07:33.688,1.31274,1.31292,1.00,1.50
2017.10.30 08:07:34.017,1.31274,1.3129,1.00,1.00
2017.10.30 08:07:34.201,1.31272,1.3129,2.25,1.00
2017.10.30 08:07:34.614,1.31272,1.31288,1.50,1.00
2017.10.30 08:07:34.934,1.31273,1.3129,1.12,1.00
2017.10.30 08:07:35.036,1.31276,1.31292,1.00,1.00
2017.10.30 08:07:35.138,1.31277,1.31294,1.12,1.00
2017.10.30 08:07:35.699,1.31281,1.31298,1.00,1.00
2017.10.30 08:07:36.204,1.3128,1.31297,1.00,1.00
2017.10.30 08:07:36.722,1.3128,1.31298,1.00,1.50
2017.10.30 08:07:37.133,1.3128,1.31296,1.00,1.00
2017.10.30 08:07:37.783,1.3128,1.31298,1.00,1.00
2017.10.30 08:07:37.834,1.3128,1.31296,1.00,1.00
2017.10.30 08:07:37.973,1.3128,1.31298,1.00,1.00
2017.10.30 08:07:38.177,1.3128,1.31296,1.00,1.00
2017.10.30 08:07:38.228,1.3128,1.31298,1.00,1.00
2017.10.30 08:07:38.533,1.31278,1.31298,1.00,1.50
2017.10.30 08:07:38.584,1.31278,1.31296,1.00,1.00
2017.10.30 08:07:38.890,1.31284,1.31299,1.00,1.00
2017.10.30 08:07:39.043,1.31284,1.31302,1.50,1.50
2017.10.30 08:07:39.552,1.31284,1.31301,1.50,1.00
2017.10.30 08:07:40.079,1.31284,1.31302,1.50,1.00
2017.10.30 08:07:40.595,1.31285,1.31303,1.00,1.50
2017.10.30 08:07:40.936,1.31283,1.31303,1.00,1.00
2017.10.30 08:07:41.115,1.31285,1.31303,1.00,1.50
2017.10.30 08:07:42.295,1.31283,1.31303,1.00,1.00
2017.10.30 08:07:42.398,1.31286,1.31303,1.00,1.50
2017.10.30 08:07:42.739,1.31288,1.31303,1.00,1.00
2017.10.30 08:07:42.901,1.31289,1.31307,1.50,1.50
2017.10.30 08:07:43.614,1.31288,1.31307,3.00,1.00
2017.10.30 08:07:44.080,1.3129,1.31307,1.00,1.00
2017.10.30 08:07:44.623,1.31289,1.31307,1.50,2.25
2017.10.30 08:07:44.776,1.31284,1.31304,2.62,1.50
2017.10.30 08:07:44.827,1.31284,1.31302,1.50,1.00
2017.10.30 08:07:44.929,1.31284,1.31304,1.00,1.00
2017.10.30 08:07:45.484,1.31285,1.31304,1.00,1.00
2017.10.30 08:07:45.717,1.31288,1.31304,1.00,1.00
2017.10.30 08:07:45.872,1.31288,1.31307,1.00,1.00
2017.10.30 08:07:45.923,1.3129,1.31307,1.00,1.00
2017.10.30 08:07:45.975,1.31288,1.31307,1.00,1.00
2017.10.30 08:07:46.874,1.31287,1.31307,1.12,1.00
2017.10.30 08:07:47.654,1.31285,1.31303,2.25,1.50
2017.10.30 08:07:47.757,1.31282,1.313,1.50,1.00
2017.10.30 08:07:47.808,1.31279,1.31299,3.00,1.00
2017.10.30 08:07:47.912,1.31285,1.313,1.00,1.00
2017.10.30 08:07:48.039,1.31287,1.31303,1.00,1.50
2017.10.30 08:07:48.091,1.31289,1.31303,1.00,1.00
2017.10.30 08:07:48.143,1.31292,1.3131,1.87,1.00
2017.10.30 08:07:48.195,1.31295,1.3131,1.00,1.00
2017.10.30 08:07:48.348,1.31297,1.31315,1.12,1.00
2017.10.30 08:07:48.552,1.31302,1.31317,1.00,1.50
2017.10.30 08:07:48.604,1.31299,1.31319,1.00,1.00
2017.10.30 08:07:48.706,1.31297,1.31317,1.12,1.00
2017.10.30 08:07:49.018,1.31292,1.31312,2.25,1.00
2017.10.30 08:07:49.537,1.31294,1.31313,1.12,1.50
2017.10.30 08:07:49.844,1.31297,1.31313,1.00,1.00
2017.10.30 08:07:49.896,1.31295,1.31313,1.00,1.00
2017.10.30 08:07:50.211,1.31292,1.3131,3.00,1.00
2017.10.30 08:07:50.519,1.31287,1.31305,1.12,1.00
2017.10.30 08:07:50.572,1.31285,1.31303,1.00,1.00
2017.10.30 08:07:50.993,1.31287,1.31304,1.12,1.00
2017.10.30 08:07:51.145,1.31287,1.31306,1.12,2.25
2017.10.30 08:07:51.196,1.3129,1.31306,1.00,1.00
2017.10.30 08:07:52.374,1.31289,1.31306,1.50,1.00
2017.10.30 08:07:52.734,1.31291,1.31306,1.00,1.00
2017.10.30 08:07:53.578,1.31294,1.31306,1.00,1.00
2017.10.30 08:07:53.758,1.31294,1.31313,2.25,1.00
2017.10.30 08:07:53.810,1.31299,1.31316,1.00,1.00
2017.10.30 08:07:54.014,1.31304,1.31322,1.00,1.00
2017.10.30 08:07:54.065,1.31302,1.31322,1.50,1.00
2017.10.30 08:07:54.219,1.31302,1.3132,1.50,1.50
2017.10.30 08:07:54.322,1.31298,1.31319,1.37,1.00
2017.10.30 08:07:54.477,1.31298,1.31317,1.37,1.00
2017.10.30 08:07:54.529,1.31296,1.31315,1.87,1.00
2017.10.30 08:07:54.792,1.31296,1.31317,1.12,2.25
2017.10.30 08:07:54.843,1.31299,1.31317,1.00,1.00
2017.10.30 08:07:55.150,1.31308,1.3132,1.00,1.00
2017.10.30 08:07:55.956,1.31306,1.31324,1.00,1.00
2017.10.30 08:07:56.110,1.31308,1.31324,1.00,1.00
2017.10.30 08:07:56.572,1.31316,1.31329,1.00,1.00
2017.10.30 08:07:56.785,1.31324,1.31342,1.00,2.25
2017.10.30 08:07:56.836,1.31321,1.31341,1.50,1.00
2017.10.30 08:07:56.889,1.3132,1.31339,1.00,1.00
2017.10.30 08:07:56.940,1.31318,1.31338,1.12,1.50
2017.10.30 08:07:57.094,1.31314,1.31332,1.75,1.50
2017.10.30 08:07:57.146,1.31311,1.31331,1.50,2.25
2017.10.30 08:07:57.197,1.31311,1.31329,1.50,1.00
2017.10.30 08:07:57.249,1.31308,1.31329,1.50,1.50
2017.10.30 08:07:57.590,1.31311,1.31328,1.00,1.00
2017.10.30 08:07:57.695,1.31309,1.31329,1.12,1.00
2017.10.30 08:07:58.226,1.3131,1.31328,1.00,1.00
2017.10.30 08:07:59.161,1.31312,1.31329,1.00,1.00
2017.10.30 08:07:59.315,1.31313,1.31331,1.00,1.50
2017.10.30 08:07:59.367,1.31317,1.31335,1.00,2.70
2017.10.30 08:07:59.419,1.31315,1.31335,1.00,1.07
2017.10.30 08:07:59.470,1.31316,1.31337,1.00,1.57
2017.10.30 08:07:59.965,1.31325,1.31339,1.00,1.00
2017.10.30 08:08:00.017,1.31325,1.31343,1.00,1.00
2017.10.30 08:08:00.122,1.31328,1.31343,1.00,1.00
2017.10.30 08:08:00.174,1.31329,1.31347,1.00,1.00
2017.10.30 08:08:00.277,1.3133,1.31349,1.00,1.00
2017.10.30 08:08:00.735,1.3134,1.3135,1.00,1.00
2017.10.30 08:08:00.787,1.31344,1.31357,1.00,1.00
2017.10.30 08:08:00.839,1.31346,1.3136,1.00,1.00
2017.10.30 08:08:00.891,1.31346,1.31367,1.87,1.00
2017.10.30 08:08:01.148,1.31346,1.31362,1.87,1.00
2017.10.30 08:08:01.199,1.31345,1.31365,2.25,1.00
2017.10.30 08:08:01.508,1.31345,1.31363,2.25,1.00
2017.10.30 08:08:01.763,1.31347,1.31366,1.12,1.00
2017.10.30 08:08:01.968,1.31347,1.31368,1.12,1.50
2017.10.30 08:08:02.020,1.31355,1.31373,1.00,1.00
2017.10.30 08:08:02.071,1.31354,1.31375,1.00,2.32
2017.10.30 08:08:02.124,1.31354,1.31374,1.00,1.07
2017.10.30 08:08:02.695,1.31351,1.31367,2.44,1.00
2017.10.30 08:08:02.798,1.31346,1.31366,1.87,1.00
2017.10.30 08:08:02.902,1.31346,1.31361,1.87,1.00
2017.10.30 08:08:02.956,1.31344,1.3136,1.00,1.00
2017.10.30 08:08:03.008,1.3134,1.31359,3.19,1.00
2017.10.30 08:08:03.059,1.3134,1.3136,1.50,1.00
2017.10.30 08:08:03.213,1.31339,1.31357,1.00,1.00
2017.10.30 08:08:03.427,1.3134,1.31361,1.00,1.00
2017.10.30 08:08:03.479,1.31342,1.31362,1.50,1.50
2017.10.30 08:08:03.786,1.31347,1.31374,1.00,1.00
2017.10.30 08:08:03.888,1.31358,1.3138,1.50,1.07
2017.10.30 08:08:04.092,1.31357,1.31378,1.00,1.07
2017.10.30 08:08:04.596,1.31359,1.31376,1.00,1.00
2017.10.30 08:08:04.903,1.31359,1.31378,1.00,1.20
2017.10.30 08:08:05.412,1.31359,1.31379,1.00,1.00
2017.10.30 08:08:06.012,1.31359,1.31378,1.00,1.00
2017.10.30 08:08:06.527,1.31359,1.31379,1.00,1.00
2017.10.30 08:08:07.066,1.3136,1.31378,1.00,1.00
2017.10.30 08:08:07.575,1.31361,1.3138,1.00,1.00
2017.10.30 08:08:07.626,1.31364,1.3138,1.00,1.00
2017.10.30 08:08:07.830,1.31364,1.31382,1.00,1.00
2017.10.30 08:08:08.136,1.31362,1.31382,1.00,1.00
2017.10.30 08:08:08.290,1.3136,1.31381,1.00,1.00
2017.10.30 08:08:08.342,1.31359,1.31379,1.00,1.12
2017.10.30 08:08:08.815,1.31358,1.31375,1.00,1.00
2017.10.30 08:08:09.123,1.3136,1.31378,1.00,1.00
2017.10.30 08:08:09.276,1.31363,1.31379,1.00,1.00
2017.10.30 08:08:09.328,1.31361,1.31379,1.00,1.00
2017.10.30 08:08:09.379,1.31363,1.31379,1.00,1.00
2017.10.30 08:08:09.736,1.3136,1.31378,1.00,1.00
2017.10.30 08:08:10.114,1.31364,1.3138,1.00,1.50
2017.10.30 08:08:10.269,1.31364,1.31383,1.50,1.00
2017.10.30 08:08:10.320,1.31363,1.3138,1.00,1.00
2017.10.30 08:08:10.630,1.31361,1.31376,1.00,1.00
2017.10.30 08:08:10.911,1.31359,1.31376,1.00,1.00
2017.10.30 08:08:11.088,1.31357,1.31375,1.00,1.00
2017.10.30 08:08:11.191,1.31354,1.31372,2.25,1.00
2017.10.30 08:08:11.346,1.31357,1.31374,1.00,1.00
2017.10.30 08:08:11.711,1.31358,1.31376,1.00,1.00
2017.10.30 08:08:11.762,1.31358,1.31374,1.00,1.00
2017.10.30 08:08:11.927,1.31355,1.31374,1.00,1.00
2017.10.30 08:08:11.979,1.31355,1.31372,1.00,1.00
2017.10.30 08:08:13.000,1.31353,1.31364,1.00,1.00
2017.10.30 08:08:13.052,1.31344,1.3136,1.00,1.00
2017.10.30 08:08:13.256,1.31342,1.3136,1.00,1.00
2017.10.30 08:08:13.460,1.3134,1.31361,1.50,3.00
2017.10.30 08:08:14.017,1.31342,1.31361,1.00,3.00
2017.10.30 08:08:14.068,1.31343,1.31362,1.00,1.12
2017.10.30 08:08:14.528,1.31346,1.31364,1.00,2.25
2017.10.30 08:08:14.580,1.31346,1.31365,1.00,1.50
2017.10.30 08:08:14.735,1.31348,1.31366,1.50,1.12
2017.10.30 08:08:15.141,1.31346,1.31365,1.00,1.00
2017.10.30 08:08:15.295,1.31348,1.31366,1.00,1.12
2017.10.30 08:08:15.618,1.3135,1.31365,1.00,1.00
2017.10.30 08:08:16.103,1.31348,1.31365,1.00,1.50
2017.10.30 08:08:16.155,1.3135,1.31366,1.00,1.12
2017.10.30 08:08:16.309,1.31352,1.31369,1.00,1.00
2017.10.30 08:08:16.411,1.31349,1.31368,1.00,1.00
2017.10.30 08:08:16.739,1.31351,1.31367,1.00,1.00
2017.10.30 08:08:16.791,1.31349,1.31368,1.00,1.00
2017.10.30 08:08:16.843,1.3135,1.31366,1.00,1.00
2017.10.30 08:08:17.270,1.31351,1.31368,1.00,1.00
2017.10.30 08:08:17.424,1.31349,1.31369,1.00,1.00
2017.10.30 08:08:17.476,1.31355,1.31371,1.00,1.00
2017.10.30 08:08:18.384,1.31356,1.31372,1.00,1.00
2017.10.30 08:08:18.889,1.31356,1.31371,1.00,1.00
2017.10.30 08:08:19.200,1.31358,1.31373,1.00,1.00
2017.10.30 08:08:19.302,1.31356,1.31372,1.00,1.00
2017.10.30 08:08:19.456,1.31358,1.31373,1.00,1.00
2017.10.30 08:08:19.559,1.31356,1.31372,1.00,1.00
2017.10.30 08:08:19.763,1.31358,1.31372,1.00,1.00
2017.10.30 08:08:19.815,1.31356,1.31372,1.00,1.00
2017.10.30 08:08:20.019,1.31355,1.3137,1.00,1.00
2017.10.30 08:08:20.122,1.31353,1.3137,1.00,1.00
2017.10.30 08:08:20.224,1.31351,1.31368,1.00,1.00
2017.10.30 08:08:20.531,1.3135,1.31365,1.00,1.00
2017.10.30 08:08:21.053,1.3135,1.31366,1.00,1.00
2017.10.30 08:08:21.361,1.31352,1.31368,1.00,1.00
2017.10.30 08:08:21.911,1.31352,1.31367,1.00,1.00
2017.10.30 08:08:22.460,1.31352,1.31368,1.00,1.00
2017.10.30 08:08:22.964,1.31351,1.31367,1.00,1.00
2017.10.30 08:08:23.384,1.31356,1.31369,1.00,1.00
2017.10.30 08:08:23.437,1.31358,1.31374,1.00,1.00
2017.10.30 08:08:23.541,1.3136,1.31372,1.00,1.00
2017.10.30 08:08:23.593,1.31364,1.31379,1.00,1.00
2017.10.30 08:08:23.697,1.31367,1.31379,1.00,1.00
2017.10.30 08:08:23.750,1.3137,1.31385,1.00,1.00
2017.10.30 08:08:23.802,1.3137,1.31383,1.00,1.00
2017.10.30 08:08:24.212,1.3137,1.31385,1.00,1.00
2017.10.30 08:08:24.314,1.31373,1.31385,1.00,1.00
2017.10.30 08:08:24.366,1.3137,1.31385,1.00,1.00
2017.10.30 08:08:24.534,1.31368,1.31387,1.37,1.00
2017.10.30 08:08:24.759,1.31371,1.31387,1.37,1.00
2017.10.30 08:08:24.963,1.31368,1.31386,2.25,1.00
2017.10.30 08:08:25.320,1.3137,1.31385,1.00,1.00
2017.10.30 08:08:25.780,1.3137,1.31387,1.00,1.00
2017.10.30 08:08:26.192,1.31371,1.31388,1.87,1.00
2017.10.30 08:08:26.723,1.31371,1.31387,1.87,1.00
2017.10.30 08:08:27.225,1.3137,1.31388,2.25,1.00
2017.10.30 08:08:27.480,1.31371,1.3139,1.87,1.00
2017.10.30 08:08:27.991,1.31372,1.31389,1.12,1.00
2017.10.30 08:08:28.499,1.31364,1.31379,2.62,1.00
2017.10.30 08:08:28.551,1.3136,1.31376,1.00,1.00
2017.10.30 08:08:28.653,1.3136,1.31374,1.00,1.00
2017.10.30 08:08:28.755,1.31358,1.31374,1.00,1.00
2017.10.30 08:08:28.807,1.31356,1.31374,2.25,1.00
2017.10.30 08:08:28.858,1.31356,1.31372,2.25,1.00
2017.10.30 08:08:29.113,1.31354,1.31371,1.00,1.00
2017.10.30 08:08:29.572,1.31356,1.31371,1.00,1.00
2017.10.30 08:08:29.624,1.31357,1.31375,1.00,1.00
2017.10.30 08:08:29.784,1.31352,1.31371,1.00,1.00
2017.10.30 08:08:29.835,1.3135,1.3137,1.12,1.50
2017.10.30 08:08:29.887,1.31349,1.31368,1.50,1.00
2017.10.30 08:08:29.938,1.31346,1.31365,1.00,1.00
2017.10.30 08:08:29.990,1.31346,1.3136,1.00,1.00
2017.10.30 08:08:30.042,1.31341,1.3136,1.00,1.00
2017.10.30 08:08:30.144,1.31341,1.31358,1.00,1.00
2017.10.30 08:08:30.247,1.31338,1.31356,1.00,1.00
2017.10.30 08:08:30.502,1.31336,1.31355,1.50,1.00
2017.10.30 08:08:30.725,1.31336,1.31353,1.50,1.00
2017.10.30 08:08:31.036,1.31332,1.31351,1.00,1.00
2017.10.30 08:08:31.189,1.3133,1.3135,1.12,1.00
2017.10.30 08:08:31.292,1.3133,1.31348,1.00,1.00
2017.10.30 08:08:31.619,1.31328,1.31347,1.00,1.00
2017.10.30 08:08:32.164,1.31328,1.31346,1.00,1.00
2017.10.30 08:08:32.420,1.31326,1.31346,1.50,1.50
2017.10.30 08:08:32.743,1.31328,1.31347,1.00,1.00
2017.10.30 08:08:33.100,1.31328,1.31345,1.00,1.00
2017.10.30 08:08:33.254,1.31322,1.31344,1.50,1.50
2017.10.30 08:08:33.305,1.31321,1.31339,1.00,1.00
2017.10.30 08:08:33.677,1.31321,1.31337,1.00,1.00
2017.10.30 08:08:34.192,1.31318,1.31335,1.00,1.00
2017.10.30 08:08:34.295,1.3132,1.31335,1.00,1.00
2017.10.30 08:08:34.347,1.3132,1.31337,1.00,1.00
2017.10.30 08:08:34.760,1.31321,1.31335,1.00,1.00
2017.10.30 08:08:35.371,1.31321,1.31336,1.00,1.00
2017.10.30 08:08:35.474,1.31319,1.31335,1.00,1.00
2017.10.30 08:08:35.525,1.31316,1.31335,1.00,1.00
2017.10.30 08:08:35.576,1.31316,1.31338,1.00,1.57
2017.10.30 08:08:35.628,1.31318,1.31337,1.00,1.00
2017.10.30 08:08:36.017,1.31319,1.31335,1.00,1.00
2017.10.30 08:08:36.326,1.31316,1.31335,1.00,1.00
2017.10.30 08:08:36.428,1.31316,1.31333,1.00,1.00
2017.10.30 08:08:36.785,1.31316,1.31331,1.00,1.00
2017.10.30 08:08:36.991,1.31316,1.31334,1.00,1.50
2017.10.30 08:08:37.332,1.3132,1.31333,1.00,1.00
2017.10.30 08:08:37.384,1.31323,1.31338,1.00,1.00
2017.10.30 08:08:37.436,1.31328,1.3134,1.00,1.00
2017.10.30 08:08:37.488,1.31325,1.31345,1.00,1.00
2017.10.30 08:08:37.539,1.31325,1.31343,1.00,1.00
2017.10.30 08:08:37.643,1.31325,1.31345,1.00,1.00
2017.10.30 08:08:37.797,1.31321,1.31339,2.25,1.00
2017.10.30 08:08:37.848,1.3132,1.31338,1.00,1.00
2017.10.30 08:08:38.231,1.31323,1.31341,1.00,1.00
2017.10.30 08:08:38.282,1.31321,1.31341,1.50,1.57
2017.10.30 08:08:38.384,1.31323,1.31336,1.00,1.00
2017.10.30 08:08:38.436,1.31323,1.3134,1.00,1.00
2017.10.30 08:08:38.589,1.31322,1.31343,1.12,1.57
2017.10.30 08:08:38.792,1.31324,1.31342,1.00,1.00
2017.10.30 08:08:39.407,1.31324,1.31343,1.00,1.57
2017.10.30 08:08:39.745,1.31321,1.3134,3.00,1.50
2017.10.30 08:08:40.234,1.31324,1.31341,1.00,1.00
2017.10.30 08:08:40.596,1.31327,1.31345,1.00,1.07
2017.10.30 08:08:40.903,1.31329,1.31346,1.00,1.00
2017.10.30 08:08:41.452,1.31328,1.31346,1.00,1.00
2017.10.30 08:08:41.757,1.31328,1.31344,1.00,1.00
2017.10.30 08:08:42.145,1.31326,1.31344,1.00,1.00
2017.10.30 08:08:42.351,1.31324,1.31344,1.00,1.00
2017.10.30 08:08:42.403,1.31323,1.31342,1.12,1.00
2017.10.30 08:08:43.654,1.31323,1.3134,1.12,1.00
2017.10.30 08:08:44.031,1.31323,1.3134,1.12,1.20
2017.10.30 08:08:44.389,1.3132,1.31338,1.50,1.10
2017.10.30 08:08:44.799,1.3132,1.31337,1.50,1.07
2017.10.30 08:08:45.156,1.31321,1.3134,1.50,1.07
2017.10.30 08:08:45.674,1.31319,1.31337,1.00,1.00
2017.10.30 08:08:45.980,1.31318,1.31336,1.00,1.07
2017.10.30 08:08:46.534,1.31317,1.31335,1.00,1.07
2017.10.30 08:08:47.059,1.31317,1.31336,1.00,1.50
2017.10.30 08:08:47.110,1.31319,1.31335,1.00,1.00
2017.10.30 08:08:47.723,1.31321,1.31336,1.00,1.00
2017.10.30 08:08:47.929,1.3133,1.31346,1.00,1.20
2017.10.30 08:08:47.980,1.3133,1.31344,1.00,1.00
2017.10.30 08:08:48.084,1.3133,1.31346,1.00,1.00
2017.10.30 08:08:48.576,1.31328,1.31347,1.00,1.00
2017.10.30 08:08:48.628,1.31331,1.31347,1.00,1.00
2017.10.30 08:08:48.934,1.31331,1.31349,2.25,2.25
2017.10.30 08:08:49.036,1.31331,1.31347,1.00,1.00
2017.10.30 08:08:49.190,1.31327,1.31346,1.00,1.00
2017.10.30 08:08:49.467,1.31328,1.31344,1.00,1.00
2017.10.30 08:08:50.271,1.31328,1.31344,1.00,1.07
2017.10.30 08:08:50.426,1.31328,1.31345,1.00,1.10
2017.10.30 08:08:50.478,1.31328,1.31343,1.00,1.00
2017.10.30 08:08:50.982,1.31328,1.31344,1.00,1.00
2017.10.30 08:08:51.236,1.31326,1.31343,1.00,1.00
2017.10.30 08:08:51.766,1.31326,1.31342,1.00,1.00
2017.10.30 08:08:52.415,1.31326,1.31345,1.50,1.00
2017.10.30 08:08:53.627,1.31327,1.31345,1.00,1.00
2017.10.30 08:08:54.634,1.31326,1.31345,1.00,1.00
2017.10.30 08:08:55.150,1.31325,1.31345,1.50,1.00
2017.10.30 08:08:55.276,1.31327,1.31345,1.00,1.00
2017.10.30 08:08:55.587,1.31336,1.31354,1.00,1.00
2017.10.30 08:08:55.894,1.31342,1.3136,1.00,1.50
2017.10.30 08:08:56.413,1.31341,1.31359,1.50,1.00
2017.10.30 08:08:58.478,1.31341,1.31357,1.00,1.00
2017.10.30 08:08:58.529,1.31339,1.31357,1.00,1.00
2017.10.30 08:08:58.580,1.31341,1.31355,1.00,1.00
2017.10.30 08:08:58.631,1.31339,1.31355,1.00,1.00
2017.10.30 08:08:58.682,1.31337,1.31355,1.00,1.00
2017.10.30 08:08:58.837,1.3134,1.31355,1.00,1.00
2017.10.30 08:08:58.940,1.31339,1.31357,1.00,1.50
2017.10.30 08:08:59.044,1.31341,1.31357,1.00,1.00
2017.10.30 08:08:59.147,1.31338,1.31356,1.00,1.00
2017.10.30 08:08:59.353,1.31336,1.31354,1.00,1.00
2017.10.30 08:08:59.813,1.31335,1.31352,1.00,1.00
2017.10.30 08:08:59.865,1.31332,1.31352,1.12,2.25
2017.10.30 08:08:59.916,1.31329,1.31349,1.50,1.00
2017.10.30 08:09:00.282,1.31329,1.31347,1.00,1.50
2017.10.30 08:09:00.589,1.3133,1.31345,1.00,1.00
2017.10.30 08:09:01.038,1.31326,1.31345,1.50,1.00
2017.10.30 08:09:01.141,1.31329,1.31345,1.00,1.00
2017.10.30 08:09:01.485,1.31326,1.31345,1.00,1.00
2017.10.30 08:09:01.590,1.31328,1.31345,1.00,1.00
2017.10.30 08:09:01.642,1.31325,1.31344,1.00,1.00
2017.10.30 08:09:01.796,1.31326,1.31342,1.00,1.00
2017.10.30 08:09:01.899,1.31324,1.31343,1.00,1.10
2017.10.30 08:09:02.001,1.31324,1.31341,1.00,1.00
2017.10.30 08:09:02.206,1.31321,1.31339,1.50,1.00
2017.10.30 08:09:02.449,1.31314,1.31336,2.25,1.00
2017.10.30 08:09:02.500,1.31314,1.31333,1.00,1.00
2017.10.30 08:09:02.806,1.31311,1.3133,1.50,1.00
2017.10.30 08:09:03.112,1.3131,1.31328,1.50,1.00
2017.10.30 08:09:03.472,1.31309,1.31325,1.00,1.50
2017.10.30 08:09:03.787,1.31308,1.31323,1.00,1.00
2017.10.30 08:09:04.093,1.31306,1.31323,1.00,1.50
2017.10.30 08:09:04.860,1.31309,1.31326,1.00,2.32
2017.10.30 08:09:04.911,1.31307,1.31325,1.00,2.32
2017.10.30 08:09:04.963,1.31306,1.31322,1.00,1.00
2017.10.30 08:09:05.402,1.31306,1.31324,1.00,1.00
2017.10.30 08:09:06.003,1.31306,1.31323,1.00,1.00
2017.10.30 08:09:06.672,1.31306,1.31324,1.00,1.00
2017.10.30 08:09:07.244,1.31306,1.31323,1.50,1.00
2017.10.30 08:09:07.346,1.31306,1.31325,1.00,1.00
2017.10.30 08:09:07.972,1.31307,1.31326,1.00,1.50
2017.10.30 08:09:10.142,1.3131,1.31326,1.00,1.00
2017.10.30 08:09:10.295,1.31308,1.31326,1.00,1.50
2017.10.30 08:09:10.799,1.31307,1.31326,1.00,1.00
2017.10.30 08:09:12.801,1.31308,1.31325,1.00,1.00
2017.10.30 08:09:14.602,1.31308,1.31325,1.00,1.07
2017.10.30 08:09:14.705,1.31308,1.31325,1.00,1.00
2017.10.30 08:09:14.756,1.31311,1.31329,1.00,3.07
2017.10.30 08:09:14.807,1.31311,1.31329,1.00,2.25
2017.10.30 08:09:15.355,1.31312,1.31329,1.00,1.00
2017.10.30 08:09:18.683,1.31312,1.31329,1.00,1.07
2017.10.30 08:09:20.455,1.31312,1.31329,1.00,1.07
2017.10.30 08:09:21.468,1.31312,1.31329,1.00,1.07
2017.10.30 08:09:22.970,1.31312,1.31329,1.00,1.07
2017.10.30 08:09:23.021,1.3131,1.31328,1.50,1.07
2017.10.30 08:09:23.073,1.3131,1.31327,1.00,1.07
2017.10.30 08:09:23.428,1.31307,1.31327,1.00,1.45
2017.10.30 08:09:23.685,1.31306,1.31326,1.00,1.45
2017.10.30 08:09:24.264,1.31307,1.31325,1.00,1.20
2017.10.30 08:09:24.367,1.31309,1.31325,1.00,1.00
2017.10.30 08:09:24.685,1.31311,1.31328,1.00,1.00
2017.10.30 08:09:25.431,1.31311,1.31329,1.00,1.00
2017.10.30 08:09:25.945,1.31312,1.31329,1.00,1.00
2017.10.30 08:09:25.997,1.31312,1.31332,1.00,1.00
2017.10.30 08:09:26.152,1.31315,1.3133,1.00,1.00
2017.10.30 08:09:26.204,1.31311,1.3133,1.00,1.00
2017.10.30 08:09:26.715,1.31312,1.3133,1.00,1.00
2017.10.30 08:09:27.283,1.31313,1.3133,1.00,1.50
2017.10.30 08:09:27.387,1.31311,1.31329,1.50,1.00
2017.10.30 08:09:27.439,1.31311,1.31327,1.00,1.00
2017.10.30 08:09:27.490,1.31309,1.31327,1.00,1.00
2017.10.30 08:09:27.542,1.31306,1.31324,1.50,1.00
2017.10.30 08:09:27.903,1.31308,1.31326,1.00,1.50
2017.10.30 08:09:28.413,1.31307,1.31326,1.00,1.00
2017.10.30 08:09:29.041,1.31306,1.31325,1.00,1.00
2017.10.30 08:09:29.144,1.31304,1.31325,1.00,1.00
2017.10.30 08:09:29.247,1.31305,1.31324,1.00,2.25
2017.10.30 08:09:30.067,1.31304,1.31322,1.00,1.00
2017.10.30 08:09:30.334,1.31302,1.31321,1.00,1.00
2017.10.30 08:09:30.640,1.313,1.31319,1.00,1.00
2017.10.30 08:09:30.992,1.313,1.31317,1.00,1.00
2017.10.30 08:09:31.196,1.31298,1.31317,1.00,1.00
2017.10.30 08:09:33.722,1.313,1.31317,1.00,1.00
2017.10.30 08:09:33.926,1.31301,1.31319,1.50,1.00
2017.10.30 08:09:34.231,1.31303,1.3132,1.00,1.00
2017.10.30 08:09:34.557,1.31306,1.31323,1.00,1.87
2017.10.30 08:09:35.899,1.31306,1.31322,1.00,1.00
2017.10.30 08:09:36.001,1.31302,1.31321,1.00,1.00
2017.10.30 08:09:36.257,1.31301,1.31319,1.00,1.00
2017.10.30 08:09:37.622,1.31299,1.31318,1.00,1.00
2017.10.30 08:09:38.150,1.313,1.31319,1.50,1.50
2017.10.30 08:09:38.699,1.313,1.31318,1.00,1.00
2017.10.30 08:09:38.853,1.31296,1.31316,2.25,1.00
2017.10.30 08:09:39.021,1.31295,1.31313,1.12,1.00
2017.10.30 08:09:39.328,1.31291,1.31309,1.50,1.50
2017.10.30 08:09:39.871,1.3129,1.31309,1.50,1.50
2017.10.30 08:09:40.434,1.31292,1.31309,1.00,1.00
2017.10.30 08:09:41.355,1.3129,1.31309,1.50,1.00
2017.10.30 08:09:41.744,1.3129,1.31307,1.00,1.00
2017.10.30 08:09:42.853,1.31288,1.31307,1.00,1.10
2017.10.30 08:09:43.024,1.31288,1.31307,1.00,1.07
2017.10.30 08:09:43.364,1.31288,1.31307,1.00,1.45
2017.10.30 08:09:44.671,1.31287,1.31305,1.00,1.07
2017.10.30 08:09:44.978,1.31286,1.31305,1.00,1.07
2017.10.30 08:09:45.425,1.31287,1.31305,1.00,1.50
2017.10.30 08:09:45.580,1.31289,1.31305,1.00,1.00
2017.10.30 08:09:45.830,1.3129,1.31307,1.00,1.10
2017.10.30 08:09:46.361,1.31289,1.31308,1.00,2.25
2017.10.30 08:09:47.082,1.31288,1.31307,1.00,1.00
2017.10.30 08:09:47.684,1.31287,1.31308,1.00,3.00
2017.10.30 08:09:47.939,1.3129,1.31308,1.00,2.25
2017.10.30 08:09:48.472,1.3129,1.31308,1.50,1.00
2017.10.30 08:09:49.231,1.31289,1.31308,1.00,1.57
2017.10.30 08:09:49.283,1.31287,1.31308,1.00,1.57
2017.10.30 08:09:49.335,1.31289,1.31307,1.00,1.00
2017.10.30 08:09:49.647,1.31287,1.31306,1.00,1.07
2017.10.30 08:09:50.155,1.31288,1.31307,1.00,1.07
2017.10.30 08:09:50.460,1.31295,1.31312,1.00,1.57
2017.10.30 08:09:51.005,1.31295,1.31312,1.00,1.00
2017.10.30 08:09:53.345,1.31293,1.31312,1.00,1.00
2017.10.30 08:09:55.022,1.31294,1.31312,1.00,1.00
2017.10.30 08:09:55.366,1.31296,1.31312,1.00,1.00
2017.10.30 08:09:55.418,1.31296,1.31314,1.00,1.87
2017.10.30 08:09:55.972,1.31295,1.31314,1.00,1.87
2017.10.30 08:10:00.165,1.31296,1.31315,1.00,1.37
2017.10.30 08:10:01.235,1.31297,1.31314,1.00,1.12
2017.10.30 08:10:01.338,1.31298,1.31316,1.00,1.50
2017.10.30 08:10:02.246,1.31304,1.31318,1.00,1.00
2017.10.30 08:10:02.298,1.31303,1.31322,1.00,1.50
2017.10.30 08:10:02.349,1.31304,1.31323,1.00,1.50
2017.10.30 08:10:02.937,1.31305,1.31324,1.00,1.12
2017.10.30 08:10:03.253,1.31307,1.31324,1.00,1.12
2017.10.30 08:10:05.494,1.31307,1.31325,1.00,1.57
2017.10.30 08:10:07.743,1.31308,1.31325,1.00,1.87
2017.10.30 08:10:07.796,1.31304,1.31321,1.00,1.00
2017.10.30 08:10:07.848,1.31302,1.31319,1.00,1.00
2017.10.30 08:10:08.438,1.31302,1.31318,1.00,1.00
2017.10.30 08:10:08.996,1.31304,1.3132,1.00,2.62
2017.10.30 08:10:09.541,1.31305,1.3132,1.00,1.00
2017.10.30 08:10:10.652,1.31304,1.3132,1.00,1.00
2017.10.30 08:10:12.029,1.31303,1.3132,1.00,1.50
2017.10.30 08:10:12.081,1.31301,1.31319,1.00,1.00
2017.10.30 08:10:12.508,1.313,1.31317,1.00,1.00
2017.10.30 08:10:13.029,1.31299,1.31318,1.00,1.00
2017.10.30 08:10:13.335,1.31305,1.3132,1.50,1.00
2017.10.30 08:10:13.747,1.31306,1.31323,1.50,1.50
2017.10.30 08:10:14.309,1.31306,1.31322,1.00,1.00
2017.10.30 08:10:14.777,1.31303,1.3132,1.00,1.00
2017.10.30 08:10:14.880,1.31301,1.31317,1.00,1.00
2017.10.30 08:10:18.132,1.313,1.31317,1.00,1.00
2017.10.30 08:10:18.286,1.313,1.31319,1.50,1.00
2017.10.30 08:10:19.093,1.313,1.31318,1.00,1.00
2017.10.30 08:10:19.684,1.31301,1.31318,1.00,1.00
2017.10.30 08:10:19.845,1.31299,1.31318,1.00,1.00
2017.10.30 08:10:19.998,1.31299,1.31316,1.00,1.00
2017.10.30 08:10:20.620,1.313,1.31318,1.00,2.25
2017.10.30 08:10:20.674,1.313,1.31316,1.00,1.00
2017.10.30 08:10:20.726,1.31298,1.31316,1.00,1.00
2017.10.30 08:10:23.801,1.31298,1.31315,1.00,1.00
2017.10.30 08:10:24.319,1.31297,1.31316,1.00,1.50
2017.10.30 08:10:27.514,1.31299,1.31316,1.00,1.50
2017.10.30 08:10:27.617,1.31297,1.31316,1.00,1.50
2017.10.30 08:10:28.356,1.31296,1.31316,1.50,1.50
2017.10.30 08:10:29.121,1.313,1.31316,1.00,1.00
2017.10.30 08:10:29.172,1.313,1.31318,1.00,1.00
2017.10.30 08:10:29.275,1.31305,1.3132,1.00,1.10
2017.10.30 08:10:30.301,1.31305,1.31322,1.00,1.50
2017.10.30 08:10:30.662,1.31305,1.31324,1.00,2.25
2017.10.30 08:10:31.283,1.31306,1.31324,1.00,2.25
2017.10.30 08:10:32.363,1.31306,1.31326,1.00,2.25
2017.10.30 08:10:32.896,1.31307,1.31326,1.00,1.50
2017.10.30 08:10:33.050,1.31309,1.31326,1.00,1.00
2017.10.30 08:10:33.599,1.31307,1.31326,1.37,1.00
2017.10.30 08:10:35.968,1.3131,1.31326,1.00,1.00
2017.10.30 08:10:36.021,1.31311,1.3133,1.50,1.50
2017.10.30 08:10:36.074,1.3131,1.31328,1.00,1.00
2017.10.30 08:10:36.126,1.3131,1.3133,1.00,1.50
2017.10.30 08:10:36.652,1.31311,1.3133,1.00,1.50
2017.10.30 08:10:36.945,1.31307,1.31326,2.62,1.00
2017.10.30 08:10:37.098,1.31306,1.31326,1.50,1.00
2017.10.30 08:10:37.759,1.31307,1.31326,1.00,1.50
2017.10.30 08:10:38.771,1.31306,1.31326,1.50,1.50
2017.10.30 08:10:43.143,1.31305,1.31326,2.25,1.50
2017.10.30 08:10:44.671,1.31305,1.31324,1.00,1.00
2017.10.30 08:10:45.263,1.31306,1.31324,1.00,1.57
2017.10.30 08:10:45.365,1.31306,1.31326,1.50,1.95
2017.10.30 08:10:46.191,1.31306,1.31326,1.87,1.00
2017.10.30 08:10:47.472,1.3131,1.31326,1.00,1.50
2017.10.30 08:10:47.604,1.31311,1.31329,1.87,1.00
2017.10.30 08:10:47.656,1.31314,1.3133,1.00,1.00
2017.10.30 08:10:47.758,1.31313,1.31332,1.00,1.50
2017.10.30 08:10:47.861,1.31315,1.31332,1.00,1.00
2017.10.30 08:10:48.272,1.31316,1.31334,1.00,1.00
2017.10.30 08:10:48.789,1.31316,1.31335,1.00,1.87
2017.10.30 08:10:49.312,1.31316,1.31333,1.00,1.00
2017.10.30 08:10:49.787,1.31314,1.31333,1.00,1.00
2017.10.30 08:10:50.185,1.31316,1.31333,1.00,1.00
2017.10.30 08:10:50.698,1.31316,1.31334,1.00,1.00
2017.10.30 08:10:51.070,1.31314,1.31334,1.00,1.50
2017.10.30 08:10:51.122,1.31312,1.3133,1.50,1.00
2017.10.30 08:10:51.174,1.31309,1.31328,1.00,1.50
2017.10.30 08:10:51.634,1.31316,1.3133,1.00,1.07
2017.10.30 08:10:51.685,1.31314,1.31332,1.00,1.75
2017.10.30 08:10:51.737,1.31314,1.31333,1.00,1.10
2017.10.30 08:10:52.002,1.31316,1.31333,1.00,1.00
2017.10.30 08:10:52.773,1.31321,1.31333,1.00,1.00
2017.10.30 08:10:52.876,1.31316,1.31333,1.12,1.00
2017.10.30 08:10:53.031,1.31321,1.31339,1.00,1.50
2017.10.30 08:10:53.133,1.3132,1.31341,3.00,1.00
2017.10.30 08:10:53.383,1.3132,1.31338,1.00,1.00
2017.10.30 08:10:53.485,1.31316,1.31336,1.00,1.10
2017.10.30 08:10:53.538,1.31316,1.31336,1.00,1.95
2017.10.30 08:10:54.181,1.31315,1.31334,1.00,2.25
2017.10.30 08:10:54.484,1.3131,1.31328,1.00,1.50
2017.10.30 08:10:54.791,1.31306,1.31323,1.00,1.00
2017.10.30 08:10:55.670,1.31304,1.31323,1.12,1.00
2017.10.30 08:10:55.721,1.31301,1.31318,1.12,1.00
2017.10.30 08:10:56.078,1.31303,1.31321,1.00,1.07
2017.10.30 08:10:56.131,1.313,1.31318,1.00,1.00
2017.10.30 08:10:56.641,1.31301,1.31319,1.00,1.50
2017.10.30 08:10:57.146,1.31301,1.31318,1.00,1.00
2017.10.30 08:10:57.452,1.313,1.31315,1.00,1.00
2017.10.30 08:10:58.058,1.31301,1.31315,1.00,1.00
2017.10.30 08:10:58.971,1.31296,1.31315,1.12,1.00
2017.10.30 08:10:59.176,1.31291,1.3131,2.25,1.57
2017.10.30 08:10:59.483,1.31291,1.31303,1.00,1.00
2017.10.30 08:11:00.067,1.31288,1.31303,1.00,1.00
2017.10.30 08:11:00.374,1.31285,1.31303,1.50,1.00
2017.10.30 08:11:00.549,1.31291,1.31303,1.00,1.00
2017.10.30 08:11:00.754,1.31286,1.31303,1.00,1.00
2017.10.30 08:11:00.805,1.31291,1.31305,1.00,1.00
2017.10.30 08:11:00.857,1.31288,1.31307,1.50,1.50
2017.10.30 08:11:00.983,1.31287,1.31305,1.00,1.00
2017.10.30 08:11:01.513,1.31286,1.31305,1.00,1.00
2017.10.30 08:11:02.020,1.31285,1.31306,1.50,1.50
2017.10.30 08:11:02.568,1.31285,1.31305,1.50,1.00
2017.10.30 08:11:03.077,1.31286,1.31306,1.00,1.50
2017.10.30 08:11:03.608,1.31285,1.31306,1.50,1.50
2017.10.30 08:11:03.992,1.31286,1.31304,1.00,1.00
2017.10.30 08:11:04.273,1.31286,1.31306,1.00,1.57
2017.10.30 08:11:04.375,1.31286,1.31304,1.00,1.00
2017.10.30 08:11:04.876,1.31286,1.31305,1.00,1.00
2017.10.30 08:11:05.447,1.31286,1.31304,1.00,1.00
2017.10.30 08:11:06.428,1.31286,1.31306,1.00,1.57
2017.10.30 08:11:08.803,1.31285,1.31306,1.50,1.50
2017.10.30 08:11:08.956,1.31287,1.31306,1.00,1.50
2017.10.30 08:11:09.261,1.31291,1.31307,1.00,2.25
2017.10.30 08:11:09.363,1.31286,1.31306,1.50,1.00
2017.10.30 08:11:09.466,1.31291,1.31306,1.00,1.00
2017.10.30 08:11:09.802,1.31313,1.31326,1.00,1.00
2017.10.30 08:11:09.853,1.31316,1.31333,1.00,1.50
2017.10.30 08:11:09.905,1.31318,1.31333,1.00,1.00
2017.10.30 08:11:10.417,1.31317,1.31333,1.50,1.00
2017.10.30 08:11:11.100,1.31316,1.31333,2.25,1.00
2017.10.30 08:11:11.611,1.31315,1.31333,1.50,1.00
2017.10.30 08:11:12.360,1.31316,1.31333,1.50,1.00
2017.10.30 08:11:12.889,1.31317,1.31333,1.00,1.00
2017.10.30 08:11:12.942,1.31317,1.31335,1.50,1.00
2017.10.30 08:11:13.215,1.31319,1.31335,1.00,1.00
2017.10.30 08:11:13.952,1.31318,1.31335,1.00,1.00
2017.10.30 08:11:14.317,1.31316,1.31337,2.25,1.50
2017.10.30 08:11:15.012,1.31316,1.31336,3.00,1.00
2017.10.30 08:11:15.561,1.31316,1.31335,1.00,1.00
2017.10.30 08:11:16.488,1.31315,1.31335,1.50,1.50
2017.10.30 08:11:21.204,1.31314,1.31334,1.50,1.00
2017.10.30 08:11:21.636,1.31314,1.31332,1.00,1.00
2017.10.30 08:11:21.919,1.31312,1.31333,1.50,1.50
2017.10.30 08:11:21.970,1.31313,1.31331,1.00,1.50
2017.10.30 08:11:22.074,1.31307,1.31326,1.00,1.00
2017.10.30 08:11:22.176,1.31306,1.31324,1.00,1.00
2017.10.30 08:11:22.278,1.31303,1.31324,1.50,1.50
2017.10.30 08:11:22.381,1.31301,1.3132,1.00,1.00
2017.10.30 08:11:22.789,1.31297,1.31314,1.00,1.00
2017.10.30 08:11:23.369,1.31297,1.31315,1.00,1.50
2017.10.30 08:11:23.540,1.31295,1.31315,1.00,1.00
2017.10.30 08:11:24.105,1.31296,1.31314,1.00,1.00
2017.10.30 08:11:25.944,1.31295,1.31314,1.50,1.50
2017.10.30 08:11:26.148,1.31293,1.31312,1.00,1.00
2017.10.30 08:11:26.352,1.31288,1.31308,1.00,1.50
2017.10.30 08:11:26.506,1.31286,1.31307,1.50,1.87
2017.10.30 08:11:26.994,1.31288,1.31308,1.00,3.75
2017.10.30 08:11:28.753,1.3129,1.31307,1.00,1.37
2017.10.30 08:11:29.262,1.31291,1.31306,1.00,1.87
2017.10.30 08:11:29.518,1.31285,1.31305,1.50,1.00
2017.10.30 08:11:30.053,1.31286,1.31305,1.00,2.25
2017.10.30 08:11:30.850,1.31292,1.31305,1.00,1.00
2017.10.30 08:11:31.118,1.3129,1.31309,1.00,1.75
2017.10.30 08:11:31.171,1.31291,1.31309,1.00,1.00
2017.10.30 08:11:31.275,1.31293,1.31311,1.00,1.00
2017.10.30 08:11:31.479,1.31291,1.3131,1.50,1.50
2017.10.30 08:11:31.632,1.31288,1.31309,1.00,1.87
2017.10.30 08:11:31.684,1.31288,1.31305,1.00,1.12
2017.10.30 08:11:32.128,1.31286,1.31305,1.00,1.12
2017.10.30 08:11:32.180,1.31285,1.31303,2.25,1.00
2017.10.30 08:11:32.335,1.31283,1.31302,1.00,1.12
2017.10.30 08:11:32.489,1.31282,1.31301,1.00,2.25
2017.10.30 08:11:33.061,1.31282,1.31301,1.00,2.25
2017.10.30 08:11:33.113,1.31286,1.31301,1.00,2.25
2017.10.30 08:11:33.165,1.31284,1.31301,1.00,1.50
2017.10.30 08:11:33.216,1.31285,1.31304,1.00,1.00
2017.10.30 08:11:33.319,1.31287,1.31304,1.00,1.00
2017.10.30 08:11:34.189,1.31286,1.31304,1.50,1.00
2017.10.30 08:11:36.230,1.31285,1.31304,1.00,1.00
2017.10.30 08:11:36.774,1.31286,1.31304,1.50,1.00
2017.10.30 08:11:37.082,1.31301,1.31311,1.00,2.25
2017.10.30 08:11:37.135,1.31301,1.31315,1.00,1.00
2017.10.30 08:11:37.288,1.31306,1.31319,1.00,1.12
2017.10.30 08:11:37.341,1.31303,1.31322,1.00,2.25
2017.10.30 08:11:37.393,1.31306,1.31322,1.00,1.50
2017.10.30 08:11:37.445,1.31306,1.31324,1.00,1.00
2017.10.30 08:11:37.961,1.31306,1.31323,1.00,1.00
2017.10.30 08:11:38.354,1.31308,1.31324,1.00,1.00
2017.10.30 08:11:38.405,1.31309,1.31327,1.00,1.00
2017.10.30 08:11:38.873,1.3131,1.3133,2.25,1.50
2017.10.30 08:11:38.924,1.31312,1.31329,1.00,1.00
2017.10.30 08:11:39.276,1.31316,1.31333,1.00,1.00
2017.10.30 08:11:39.638,1.31319,1.31334,1.00,1.50
2017.10.30 08:11:39.690,1.31317,1.31338,1.00,1.50
2017.10.30 08:11:39.844,1.31318,1.31336,1.00,1.00
2017.10.30 08:11:40.168,1.31317,1.31334,1.00,1.00
2017.10.30 08:11:40.715,1.31318,1.31334,1.00,1.00
2017.10.30 08:11:40.871,1.31316,1.31336,1.00,1.00
2017.10.30 08:11:41.025,1.31315,1.31334,1.00,1.00
2017.10.30 08:11:41.559,1.31315,1.31335,1.50,1.00
2017.10.30 08:11:41.865,1.31323,1.31341,1.00,1.00
2017.10.30 08:11:41.969,1.31324,1.31345,1.00,1.00
2017.10.30 08:11:42.020,1.31326,1.31345,1.00,1.50
2017.10.30 08:11:42.173,1.31327,1.31348,1.50,1.50
2017.10.30 08:11:42.326,1.31329,1.31347,1.00,1.00
2017.10.30 08:11:42.839,1.3133,1.31347,1.00,1.00
2017.10.30 08:11:43.257,1.31328,1.31346,1.20,1.00
2017.10.30 08:11:43.462,1.31329,1.31348,1.00,1.50
2017.10.30 08:11:44.108,1.3133,1.31348,1.00,1.50
2017.10.30 08:11:44.624,1.31331,1.31349,1.00,1.00
2017.10.30 08:11:45.169,1.31332,1.31351,1.00,1.50
2017.10.30 08:11:45.476,1.31332,1.31349,1.00,1.00
2017.10.30 08:11:45.731,1.3133,1.31348,1.50,1.00
2017.10.30 08:11:46.245,1.31329,1.31347,1.00,1.00
2017.10.30 08:11:46.579,1.31331,1.31347,1.00,1.00
2017.10.30 08:11:46.630,1.31331,1.31349,1.00,1.50
2017.10.30 08:11:46.682,1.31331,1.31346,1.00,1.00
2017.10.30 08:11:46.733,1.31332,1.31348,1.00,1.00
2017.10.30 08:11:46.835,1.31333,1.3135,1.00,1.00
2017.10.30 08:11:47.271,1.31331,1.31349,1.00,1.00
2017.10.30 08:11:47.323,1.3133,1.31345,1.00,1.00
2017.10.30 08:11:47.375,1.31325,1.31345,3.37,1.50
2017.10.30 08:11:47.477,1.31324,1.31343,1.00,1.00
2017.10.30 08:11:47.631,1.31321,1.31342,1.00,2.25
2017.10.30 08:11:47.682,1.31321,1.31339,1.50,1.12
2017.10.30 08:11:47.733,1.31317,1.31337,3.45,1.00
2017.10.30 08:11:47.785,1.31316,1.31338,1.87,1.00
2017.10.30 08:11:47.836,1.31316,1.31336,1.87,1.00
2017.10.30 08:11:48.353,1.31316,1.31337,1.12,1.00
2017.10.30 08:11:48.798,1.31318,1.31336,1.00,1.00
2017.10.30 08:11:48.901,1.31316,1.31336,1.12,1.00
2017.10.30 08:11:49.471,1.31316,1.31337,1.12,1.00
2017.10.30 08:11:51.049,1.3132,1.31337,1.00,1.00
2017.10.30 08:11:51.152,1.31316,1.31336,3.00,1.00
2017.10.30 08:11:51.679,1.31318,1.31335,1.00,1.00
2017.10.30 08:11:52.083,1.31314,1.31328,1.00,1.00
2017.10.30 08:11:52.135,1.31309,1.31325,1.69,1.00
2017.10.30 08:11:52.187,1.31306,1.31324,1.00,1.00
2017.10.30 08:11:52.710,1.31305,1.31325,1.00,1.00
2017.10.30 08:11:53.231,1.31305,1.31324,1.00,1.00
2017.10.30 08:11:53.893,1.31304,1.31324,1.00,1.00
2017.10.30 08:11:53.945,1.31305,1.31322,1.00,1.00
2017.10.30 08:11:54.243,1.31301,1.31322,1.87,1.00
2017.10.30 08:11:54.295,1.31301,1.31317,1.00,1.00
2017.10.30 08:11:54.553,1.31298,1.31316,2.62,1.00
2017.10.30 08:11:54.606,1.31302,1.31322,1.00,1.00
2017.10.30 08:11:54.658,1.31301,1.31319,1.00,1.00
2017.10.30 08:11:55.310,1.31301,1.3132,2.25,1.00
2017.10.30 08:11:55.970,1.31301,1.31319,2.25,1.00
2017.10.30 08:11:56.276,1.31302,1.31321,1.00,1.00
2017.10.30 08:11:56.814,1.31302,1.31319,1.00,1.00
2017.10.30 08:11:57.268,1.31304,1.31319,1.00,1.00
2017.10.30 08:11:57.777,1.31304,1.3132,1.00,1.00
2017.10.30 08:11:58.152,1.31306,1.31321,1.00,1.00
2017.10.30 08:11:58.459,1.31312,1.31326,1.00,1.00
2017.10.30 08:11:58.510,1.31309,1.31327,1.50,1.00
2017.10.30 08:11:58.664,1.31311,1.31329,1.00,1.00
2017.10.30 08:11:59.168,1.31311,1.3133,2.25,1.00
2017.10.30 08:11:59.475,1.31311,1.31328,1.00,1.00
2017.10.30 08:12:00.135,1.31312,1.3133,1.00,1.50
2017.10.30 08:12:00.187,1.3131,1.31328,1.00,1.00
2017.10.30 08:12:00.494,1.31308,1.31328,1.00,1.00
2017.10.30 08:12:00.545,1.3131,1.31325,1.50,1.00
2017.10.30 08:12:00.649,1.31315,1.31332,1.00,1.50
2017.10.30 08:12:00.700,1.31315,1.31334,1.00,1.00
2017.10.30 08:12:01.159,1.31317,1.31333,1.00,1.00
2017.10.30 08:12:01.612,1.31317,1.31335,1.00,1.00
2017.10.30 08:12:01.816,1.31319,1.31337,1.00,1.50
2017.10.30 08:12:02.260,1.31317,1.31337,1.00,1.00
2017.10.30 08:12:02.597,1.31318,1.31335,1.50,1.00
2017.10.30 08:12:02.905,1.31315,1.31334,2.25,1.00
2017.10.30 08:12:02.956,1.31317,1.31333,1.00,1.00
2017.10.30 08:12:03.058,1.31317,1.31335,1.00,1.00
2017.10.30 08:12:03.580,1.31316,1.31334,1.50,1.00
2017.10.30 08:12:03.635,1.31318,1.31334,1.00,1.00
2017.10.30 08:12:03.829,1.31316,1.31334,1.00,1.00
2017.10.30 08:12:04.041,1.31318,1.31334,1.00,1.00
2017.10.30 08:12:04.500,1.31316,1.31335,1.50,1.00
2017.10.30 08:12:05.104,1.31316,1.31334,1.50,1.00
2017.10.30 08:12:05.595,1.31316,1.31336,1.00,1.00
2017.10.30 08:12:05.646,1.31318,1.31336,1.00,1.00
2017.10.30 08:12:06.028,1.31316,1.31335,1.00,1.00
2017.10.30 08:12:06.606,1.31316,1.31336,1.00,1.00
2017.10.30 08:12:07.075,1.31318,1.31335,1.00,1.00
2017.10.30 08:12:07.381,1.31316,1.31333,1.50,1.00
2017.10.30 08:12:07.636,1.31316,1.31335,1.00,1.50
2017.10.30 08:12:07.688,1.31314,1.31335,1.50,1.50
2017.10.30 08:12:07.873,1.31315,1.31333,1.00,1.00
2017.10.30 08:12:08.222,1.31317,1.31335,1.00,1.00
2017.10.30 08:12:08.767,1.31317,1.31334,1.00,1.00
2017.10.30 08:12:08.818,1.31313,1.31331,1.00,1.00
2017.10.30 08:12:08.972,1.31311,1.31329,1.00,1.00
2017.10.30 08:12:10.877,1.3131,1.31329,1.00,1.00
2017.10.30 08:12:11.410,1.3131,1.3133,1.50,2.25
2017.10.30 08:12:11.960,1.3131,1.31329,1.00,1.50
2017.10.30 08:12:12.503,1.31311,1.31328,1.00,1.00
2017.10.30 08:12:13.098,1.31311,1.31329,1.00,1.00
2017.10.30 08:12:13.979,1.31309,1.31329,1.50,1.50
2017.10.30 08:12:14.833,1.31309,1.31328,1.00,1.00
2017.10.30 08:12:14.885,1.31307,1.31327,1.00,1.00
2017.10.30 08:12:15.412,1.31307,1.31326,1.00,1.00
2017.10.30 08:12:16.080,1.31307,1.31325,1.00,1.00
2017.10.30 08:12:16.338,1.31308,1.31328,1.00,1.50
2017.10.30 08:12:16.700,1.31307,1.31326,1.00,1.00
2017.10.30 08:12:17.027,1.31309,1.31328,1.00,1.50
2017.10.30 08:12:17.385,1.31314,1.31329,1.00,1.50
2017.10.30 08:12:17.489,1.31313,1.31331,1.12,1.00
2017.10.30 08:12:17.543,1.31313,1.31333,1.12,1.50
2017.10.30 08:12:18.195,1.31314,1.31333,1.00,1.50
2017.10.30 08:12:19.103,1.31313,1.31333,1.87,1.00
2017.10.30 08:12:19.626,1.31314,1.31333,1.00,1.00
2017.10.30 08:12:20.342,1.31314,1.31334,1.00,2.25
2017.10.30 08:12:20.987,1.31314,1.31335,1.00,1.00
2017.10.30 08:12:21.605,1.31315,1.31335,1.50,1.00
2017.10.30 08:12:23.070,1.31313,1.31334,2.62,1.00
2017.10.30 08:12:23.247,1.31316,1.31334,1.00,1.00
2017.10.30 08:12:23.707,1.3131,1.31329,3.00,1.00
2017.10.30 08:12:23.758,1.3131,1.31328,1.00,1.00
2017.10.30 08:12:24.059,1.31308,1.31328,1.12,1.00
2017.10.30 08:12:24.523,1.31303,1.31321,1.50,1.00
2017.10.30 08:12:24.729,1.31296,1.31316,1.50,1.00
2017.10.30 08:12:25.328,1.31295,1.31313,1.00,1.00
2017.10.30 08:12:25.379,1.31292,1.31311,1.00,1.00
2017.10.30 08:12:25.737,1.3129,1.31309,1.00,1.00
2017.10.30 08:12:26.044,1.31293,1.31311,1.00,1.00
2017.10.30 08:12:26.607,1.31294,1.31311,1.00,1.00
