2011.10.10 01:00:00.304,1.44109,1.44155,1.50,1.50
2011.10.10 01:00:00.653,1.44117,1.44166,1.50,1.50
2011.10.10 01:00:00.777,1.44117,1.44166,1.50,1.50
2011.10.10 01:00:00.906,1.44116,1.44166,1.50,1.50
2011.10.10 01:00:01.798,1.44108,1.4416,1.50,1.50
2011.10.10 01:00:02.049,1.44108,1.44159,1.50,1.50
2011.10.10 01:00:02.284,1.44108,1.44159,1.50,1.50
2011.10.10 01:00:02.769,1.44103,1.44149,1.50,1.50
2011.10.10 01:00:02.898,1.44103,1.44149,1.50,1.50
2011.10.10 01:00:03.498,1.44099,1.44149,2.25,1.50
2011.10.10 01:00:03.748,1.44099,1.44149,2.25,1.50
2011.10.10 01:00:04.640,1.44097,1.44149,1.50,1.50
2011.10.10 01:00:04.767,1.44097,1.44149,1.50,1.50
2011.10.10 01:00:04.898,1.44097,1.44158,2.25,2.25
2011.10.10 01:00:05.263,1.44099,1.44156,1.50,1.50
2011.10.10 01:00:05.628,1.44097,1.44149,1.50,1.50
2011.10.10 01:00:05.761,1.4409,1.44142,1.50,1.50
2011.10.10 01:00:06.368,1.44088,1.44136,1.50,1.50
2011.10.10 01:00:06.786,1.44087,1.44134,1.50,1.50
2011.10.10 01:00:06.926,1.44091,1.44143,1.50,1.50
2011.10.10 01:00:07.422,1.44074,1.44132,1.50,1.50
2011.10.10 01:00:07.786,1.44066,1.4413,2.25,1.50
2011.10.10 01:00:08.038,1.44067,1.4413,1.50,1.50
2011.10.10 01:00:08.172,1.44072,1.44137,1.50,1.43
2011.10.10 01:00:08.414,1.44072,1.4414,2.25,1.50
2011.10.10 01:00:08.544,1.44074,1.4414,1.50,1.50
2011.10.10 01:00:08.892,1.44072,1.44136,1.50,1.43
2011.10.10 01:00:09.174,1.44074,1.4414,1.50,1.50
2011.10.10 01:00:09.310,1.44073,1.4414,1.50,1.50
2011.10.10 01:00:09.555,1.44073,1.4414,1.50,1.50
2011.10.10 01:00:10.613,1.44078,1.44142,1.50,1.50
2011.10.10 01:00:10.735,1.44078,1.44144,1.50,1.50
2011.10.10 01:00:11.106,1.44087,1.44142,2.63,1.50
2011.10.10 01:00:11.353,1.44087,1.44144,2.63,1.50
2011.10.10 01:00:11.943,1.44097,1.44144,1.88,1.50
2011.10.10 01:00:12.573,1.44087,1.44151,2.63,1.50
2011.10.10 01:00:13.333,1.44089,1.44149,1.13,1.50
2011.10.10 01:00:13.814,1.44089,1.4415,1.60,1.50
2011.10.10 01:00:14.814,1.44094,1.44157,1.43,1.50
2011.10.10 01:00:16.746,1.44097,1.44157,1.22,1.50
2011.10.10 01:00:17.121,1.44096,1.4415,1.13,2.25
2011.10.10 01:00:17.311,1.44092,1.44146,1.50,1.50
2011.10.10 01:00:17.559,1.4408,1.44142,1.50,1.50
2011.10.10 01:00:18.498,1.44087,1.44141,1.50,1.23
2011.10.10 01:00:18.851,1.44088,1.44142,1.50,1.50
2011.10.10 01:00:19.093,1.44088,1.44149,2.25,1.50
2011.10.10 01:00:19.453,1.44094,1.44157,1.43,1.50
2011.10.10 01:00:22.002,1.44101,1.44157,1.50,1.50
2011.10.10 01:00:22.345,1.44102,1.44163,1.43,1.50
2011.10.10 01:00:22.586,1.44104,1.44163,1.50,1.50
2011.10.10 01:00:24.207,1.44108,1.44164,1.50,1.50
2011.10.10 01:00:24.580,1.44112,1.44165,1.50,1.50
2011.10.10 01:00:25.191,1.44112,1.44159,1.50,1.50
2011.10.10 01:00:25.747,1.44103,1.44146,1.50,1.23
2011.10.10 01:00:25.882,1.44102,1.44154,1.50,1.50
2011.10.10 01:00:26.007,1.44103,1.44158,1.50,1.50
2011.10.10 01:00:26.139,1.44098,1.44158,1.77,1.50
2011.10.10 01:00:26.267,1.44098,1.44155,1.09,1.50
2011.10.10 01:00:26.396,1.44103,1.44155,1.50,1.50
2011.10.10 01:00:26.523,1.44103,1.44155,1.50,1.50
2011.10.10 01:00:26.764,1.44102,1.44155,1.50,1.50
2011.10.10 01:00:27.722,1.44103,1.44155,1.50,1.50
2011.10.10 01:00:28.991,1.4411,1.44161,1.50,1.50
2011.10.10 01:00:29.583,1.44113,1.44164,1.50,1.50
2011.10.10 01:00:29.706,1.44111,1.44164,1.50,1.50
2011.10.10 01:00:29.831,1.44113,1.44164,1.50,1.50
2011.10.10 01:00:30.553,1.44113,1.44165,1.50,2.25
2011.10.10 01:00:30.673,1.44121,1.44165,1.50,1.50
2011.10.10 01:00:32.708,1.44121,1.44167,1.50,1.50
2011.10.10 01:00:34.654,1.44108,1.44165,1.43,1.50
2011.10.10 01:00:34.773,1.44103,1.44162,1.50,1.50
2011.10.10 01:00:35.334,1.44107,1.44162,1.88,1.50
2011.10.10 01:00:35.806,1.44103,1.44162,1.50,1.50
2011.10.10 01:00:36.403,1.44107,1.44162,2.63,1.50
2011.10.10 01:00:37.304,1.44107,1.44167,2.63,1.50
2011.10.10 01:00:38.057,1.44112,1.44163,1.50,1.50
2011.10.10 01:00:38.422,1.44112,1.44163,1.50,1.50
2011.10.10 01:00:40.016,1.44112,1.44167,2.18,1.50
2011.10.10 01:00:40.852,1.44115,1.44171,1.50,1.50
2011.10.10 01:00:41.885,1.44115,1.44169,1.50,2.25
2011.10.10 01:00:43.268,1.44117,1.44169,2.25,2.25
2011.10.10 01:00:43.400,1.44117,1.44169,1.50,2.25
2011.10.10 01:00:43.525,1.44117,1.44169,1.50,2.25
2011.10.10 01:00:44.345,1.44117,1.44169,1.50,1.50
2011.10.10 01:00:44.604,1.44117,1.44169,1.50,1.50
2011.10.10 01:00:44.974,1.44121,1.44177,1.50,1.50
2011.10.10 01:00:45.346,1.44117,1.44174,1.50,2.63
2011.10.10 01:00:48.289,1.44107,1.44161,1.50,1.50
2011.10.10 01:00:48.415,1.44102,1.44162,2.18,2.18
2011.10.10 01:00:48.785,1.44113,1.44173,1.43,1.50
2011.10.10 01:00:49.158,1.44108,1.44163,1.50,1.23
2011.10.10 01:00:49.458,1.44108,1.44163,1.50,1.23
2011.10.10 01:00:49.592,1.44114,1.44169,1.43,1.23
2011.10.10 01:00:50.385,1.44114,1.44174,2.18,2.63
2011.10.10 01:00:50.741,1.44117,1.44177,2.63,1.50
2011.10.10 01:00:54.311,1.44117,1.44178,2.63,2.36
2011.10.10 01:00:54.732,1.44117,1.44177,2.63,1.50
2011.10.10 01:00:55.066,1.44123,1.44177,1.43,1.50
2011.10.10 01:00:55.318,1.44129,1.44182,1.50,1.13
2011.10.10 01:00:55.953,1.44123,1.44183,1.43,2.63
2011.10.10 01:00:56.076,1.44117,1.44174,3.38,1.50
2011.10.10 01:00:56.205,1.44117,1.44174,2.63,1.50
2011.10.10 01:00:56.443,1.44112,1.44165,1.50,1.50
2011.10.10 01:00:56.806,1.44114,1.44166,1.50,1.50
2011.10.10 01:00:57.656,1.44114,1.4417,1.50,1.23
2011.10.10 01:00:58.190,1.44119,1.44173,1.50,1.50
2011.10.10 01:00:58.440,1.44116,1.44168,2.63,1.09
2011.10.10 01:00:58.570,1.44107,1.44163,1.50,1.50
2011.10.10 01:00:58.697,1.44107,1.44162,1.50,1.23
2011.10.10 01:00:59.307,1.44107,1.44154,1.50,1.13
2011.10.10 01:00:59.919,1.44107,1.44155,1.50,1.09
2011.10.10 01:01:01.428,1.44111,1.44153,1.50,2.63
2011.10.10 01:01:01.797,1.44104,1.44153,1.50,2.63
2011.10.10 01:01:01.930,1.44111,1.44153,1.50,2.63
2011.10.10 01:01:02.057,1.44111,1.44159,1.50,1.50
2011.10.10 01:01:03.123,1.44111,1.44161,1.50,1.50
2011.10.10 01:01:03.243,1.44111,1.44161,1.50,1.50
2011.10.10 01:01:03.584,1.44117,1.44163,1.50,1.50
2011.10.10 01:01:03.944,1.44111,1.4416,1.50,1.50
2011.10.10 01:01:04.474,1.44111,1.44157,1.50,1.23
2011.10.10 01:01:04.719,1.44111,1.44158,1.50,1.23
2011.10.10 01:01:05.335,1.44111,1.44153,1.50,4.50
2011.10.10 01:01:06.566,1.44103,1.44143,1.50,2.63
2011.10.10 01:01:06.946,1.44102,1.44151,1.50,1.98
2011.10.10 01:01:07.898,1.44092,1.44151,1.50,1.50
2011.10.10 01:01:08.266,1.44102,1.44152,1.50,1.23
2011.10.10 01:01:09.714,1.44102,1.44151,1.50,1.23
2011.10.10 01:01:11.949,1.44095,1.44134,1.50,1.47
2011.10.10 01:01:12.076,1.44078,1.44128,1.50,1.50
2011.10.10 01:01:12.326,1.44087,1.44128,1.09,1.50
2011.10.10 01:01:12.748,1.44097,1.44149,1.50,1.50
2011.10.10 01:01:12.881,1.44097,1.44149,2.63,1.50
2011.10.10 01:01:13.366,1.44087,1.4414,1.09,1.50
2011.10.10 01:01:15.002,1.4409,1.4414,1.50,1.50
2011.10.10 01:01:15.853,1.44092,1.4415,1.50,1.50
2011.10.10 01:01:15.982,1.4409,1.44148,1.88,1.50
2011.10.10 01:01:16.530,1.44096,1.44152,1.50,1.50
2011.10.10 01:01:17.255,1.44093,1.4415,1.50,1.50
2011.10.10 01:01:18.631,1.44098,1.4415,1.50,1.50
2011.10.10 01:01:18.759,1.44093,1.4415,1.50,1.50
2011.10.10 01:01:21.041,1.44095,1.4415,1.50,1.50
2011.10.10 01:01:21.294,1.44098,1.4415,1.50,1.50
2011.10.10 01:01:21.664,1.44102,1.4415,1.50,1.50
2011.10.10 01:01:21.797,1.44102,1.4415,1.50,1.50
2011.10.10 01:01:22.047,1.44106,1.44158,1.50,1.50
2011.10.10 01:01:23.294,1.44107,1.44158,1.50,1.50
2011.10.10 01:01:23.412,1.44106,1.44158,3.38,1.50
2011.10.10 01:01:24.003,1.44099,1.44151,2.25,1.50
2011.10.10 01:01:24.280,1.44099,1.44149,2.25,1.50
2011.10.10 01:01:24.651,1.441,1.44147,1.50,1.50
2011.10.10 01:01:26.151,1.44091,1.44144,1.50,1.50
2011.10.10 01:01:26.397,1.44091,1.44144,1.50,1.50
2011.10.10 01:01:26.643,1.44091,1.44142,1.50,1.50
2011.10.10 01:01:27.759,1.44099,1.44149,1.50,1.50
2011.10.10 01:01:28.585,1.44099,1.44149,1.50,1.50
2011.10.10 01:01:29.952,1.44099,1.44149,1.50,1.50
2011.10.10 01:01:30.441,1.44099,1.44149,1.50,1.50
2011.10.10 01:01:30.862,1.44099,1.44149,1.50,1.50
2011.10.10 01:01:31.224,1.44102,1.44149,1.50,1.50
2011.10.10 01:01:31.472,1.44099,1.44149,1.50,1.50
2011.10.10 01:01:31.592,1.44096,1.44149,1.50,1.50
2011.10.10 01:01:32.197,1.44099,1.44149,1.50,1.50
2011.10.10 01:01:32.636,1.44096,1.44149,2.25,1.50
2011.10.10 01:01:32.926,1.44099,1.44149,1.50,1.50
2011.10.10 01:01:33.053,1.44096,1.44149,2.25,1.50
2011.10.10 01:01:34.822,1.44096,1.44149,2.25,1.50
2011.10.10 01:01:35.055,1.44095,1.44141,1.50,1.50
2011.10.10 01:01:35.184,1.44095,1.44141,1.50,1.50
2011.10.10 01:01:35.769,1.44091,1.44141,1.50,1.50
2011.10.10 01:01:36.252,1.44091,1.44141,1.50,1.50
2011.10.10 01:01:36.843,1.44095,1.44141,1.50,1.50
2011.10.10 01:01:40.594,1.44096,1.44141,1.50,1.50
2011.10.10 01:01:41.063,1.44098,1.44141,1.09,1.50
2011.10.10 01:01:41.297,1.44104,1.44155,1.50,1.23
2011.10.10 01:01:43.314,1.44105,1.44157,1.50,1.50
2011.10.10 01:01:43.643,1.44098,1.4415,1.50,1.50
2011.10.10 01:01:44.064,1.44097,1.4415,1.50,1.50
2011.10.10 01:01:47.936,1.44099,1.4415,1.50,1.50
2011.10.10 01:01:48.296,1.44098,1.4415,1.50,1.50
2011.10.10 01:01:48.886,1.44096,1.4415,1.50,1.50
2011.10.10 01:01:49.410,1.44095,1.4415,1.50,1.50
2011.10.10 01:01:50.236,1.4409,1.4415,1.50,1.50
2011.10.10 01:01:50.827,1.44089,1.44141,1.50,1.50
2011.10.10 01:01:50.955,1.44089,1.44141,1.50,1.50
2011.10.10 01:01:52.387,1.44091,1.44141,1.50,1.50
2011.10.10 01:01:53.214,1.44092,1.44141,1.50,1.50
2011.10.10 01:01:53.572,1.44092,1.4415,1.50,1.50
2011.10.10 01:01:54.163,1.44095,1.4415,1.50,1.50
2011.10.10 01:01:55.039,1.44094,1.4415,1.50,1.50
2011.10.10 01:01:57.915,1.44096,1.4415,1.50,1.50
2011.10.10 01:01:59.834,1.44098,1.4415,1.50,1.50
2011.10.10 01:02:00.316,1.441,1.44163,1.50,1.43
2011.10.10 01:02:00.444,1.44104,1.44167,1.50,1.50
2011.10.10 01:02:02.012,1.44108,1.4417,1.50,1.50
2011.10.10 01:02:02.131,1.44107,1.4417,2.25,1.50
2011.10.10 01:02:03.065,1.44108,1.4417,1.50,1.50
2011.10.10 01:02:03.664,1.4411,1.44165,1.50,1.50
2011.10.10 01:02:03.986,1.44111,1.44166,1.50,1.50
2011.10.10 01:02:04.112,1.44108,1.44165,2.25,1.50
2011.10.10 01:02:06.456,1.44108,1.44165,2.25,1.50
2011.10.10 01:02:06.691,1.4411,1.44169,1.50,1.50
2011.10.10 01:02:08.480,1.44108,1.44169,1.50,1.50
2011.10.10 01:02:09.775,1.44108,1.44158,1.50,1.50
2011.10.10 01:02:10.524,1.44111,1.44158,1.50,1.50
2011.10.10 01:02:11.123,1.44108,1.44158,1.50,1.50
2011.10.10 01:02:12.057,1.44108,1.44158,1.50,1.50
2011.10.10 01:02:12.673,1.44108,1.44158,1.50,1.50
2011.10.10 01:02:18.552,1.44109,1.4416,1.50,1.50
2011.10.10 01:02:18.915,1.44126,1.44167,1.50,1.50
2011.10.10 01:02:19.045,1.4413,1.44179,1.50,1.50
2011.10.10 01:02:19.376,1.44136,1.44187,1.50,1.23
2011.10.10 01:02:19.520,1.44143,1.44188,1.47,1.50
2011.10.10 01:02:19.644,1.44147,1.44188,1.88,1.50
2011.10.10 01:02:20.006,1.44158,1.44209,1.43,1.23
2011.10.10 01:02:20.135,1.44162,1.44209,1.13,1.23
2011.10.10 01:02:21.182,1.44162,1.44214,1.13,1.50
2011.10.10 01:02:21.422,1.44162,1.44214,1.13,1.50
2011.10.10 01:02:22.529,1.44162,1.44214,1.13,1.50
2011.10.10 01:02:23.032,1.44162,1.44214,1.13,1.50
2011.10.10 01:02:23.374,1.44156,1.44206,1.50,1.50
2011.10.10 01:02:23.620,1.44156,1.44206,1.50,1.50
2011.10.10 01:02:23.747,1.44154,1.44206,1.50,1.50
2011.10.10 01:02:23.999,1.4415,1.44198,1.13,1.50
2011.10.10 01:02:24.366,1.4415,1.44183,1.13,1.50
2011.10.10 01:02:24.498,1.4415,1.44182,1.13,1.50
2011.10.10 01:02:25.533,1.44151,1.44181,1.13,1.50
2011.10.10 01:02:26.255,1.4415,1.44181,1.13,1.50
2011.10.10 01:02:26.506,1.4415,1.44181,1.13,1.50
2011.10.10 01:02:27.227,1.44139,1.44181,1.13,1.50
2011.10.10 01:02:27.356,1.44134,1.44181,1.09,1.50
2011.10.10 01:02:27.484,1.44134,1.44181,1.09,1.50
2011.10.10 01:02:28.985,1.44137,1.44181,1.47,1.50
2011.10.10 01:02:30.054,1.44134,1.44181,1.09,1.50
2011.10.10 01:02:32.744,1.44134,1.44174,1.09,1.50
2011.10.10 01:02:33.128,1.44135,1.44181,1.09,1.50
2011.10.10 01:02:37.414,1.44131,1.44181,1.50,1.50
2011.10.10 01:02:38.530,1.44131,1.44181,1.50,1.50
2011.10.10 01:02:38.663,1.44123,1.44181,1.50,1.50
2011.10.10 01:02:38.792,1.44123,1.44173,1.50,1.50
2011.10.10 01:02:38.917,1.44122,1.44173,1.50,1.50
2011.10.10 01:02:39.044,1.44119,1.44173,1.88,1.50
2011.10.10 01:02:39.768,1.44121,1.44173,1.50,1.50
2011.10.10 01:02:40.595,1.44118,1.44173,1.13,1.50
2011.10.10 01:02:41.073,1.44118,1.44171,1.13,1.23
2011.10.10 01:02:41.751,1.44118,1.44173,1.13,3.38
2011.10.10 01:02:43.312,1.44117,1.44165,1.13,1.50
2011.10.10 01:02:43.556,1.44119,1.44174,1.13,1.50
2011.10.10 01:02:44.295,1.44123,1.44174,1.50,1.50
2011.10.10 01:02:44.666,1.44124,1.44174,1.09,1.50
2011.10.10 01:02:45.821,1.44107,1.44162,2.25,1.50
2011.10.10 01:02:45.946,1.44121,1.44164,1.74,1.50
2011.10.10 01:02:46.434,1.44121,1.4416,1.40,1.50
2011.10.10 01:02:46.793,1.4411,1.44156,1.50,1.50
2011.10.10 01:02:47.386,1.44114,1.44158,1.50,1.50
2011.10.10 01:02:48.356,1.44116,1.44165,1.50,1.50
2011.10.10 01:02:48.844,1.44113,1.44165,1.50,1.50
2011.10.10 01:02:48.982,1.44112,1.44165,1.50,1.50
2011.10.10 01:02:49.275,1.44104,1.44156,1.50,1.50
2011.10.10 01:02:49.410,1.44104,1.44156,2.25,1.50
2011.10.10 01:02:49.662,1.44102,1.44156,1.40,1.50
2011.10.10 01:02:49.959,1.44101,1.44148,1.40,1.50
2011.10.10 01:02:50.813,1.44097,1.44148,1.78,1.50
2011.10.10 01:02:51.286,1.44096,1.44148,1.50,1.50
2011.10.10 01:02:53.454,1.44091,1.44148,1.50,1.50
2011.10.10 01:02:53.698,1.44087,1.4414,1.50,1.50
2011.10.10 01:02:53.824,1.44086,1.4414,1.50,1.50
2011.10.10 01:02:53.960,1.44088,1.4414,1.50,1.50
2011.10.10 01:02:54.325,1.44097,1.4414,1.13,1.50
2011.10.10 01:02:54.684,1.44097,1.44147,1.13,1.50
2011.10.10 01:02:55.704,1.44097,1.44147,1.13,1.50
2011.10.10 01:02:57.321,1.44097,1.44147,1.13,1.50
2011.10.10 01:02:58.830,1.44097,1.44147,1.13,1.50
2011.10.10 01:02:59.412,1.44097,1.44147,1.88,1.50
2011.10.10 01:02:59.654,1.44096,1.44147,2.97,1.50
2011.10.10 01:03:00.235,1.44097,1.44147,1.13,1.50
2011.10.10 01:03:00.772,1.44097,1.44147,1.13,1.50
2011.10.10 01:03:01.133,1.44097,1.44147,1.88,1.50
2011.10.10 01:03:02.026,1.44098,1.44147,1.13,1.50
2011.10.10 01:03:02.152,1.44097,1.44147,1.88,1.50
2011.10.10 01:03:02.497,1.44097,1.44139,1.13,1.50
2011.10.10 01:03:02.863,1.44092,1.44139,1.84,1.50
2011.10.10 01:03:04.967,1.44092,1.44139,1.09,1.50
2011.10.10 01:03:05.334,1.44092,1.44139,1.09,1.50
2011.10.10 01:03:14.525,1.44092,1.44139,1.84,1.50
2011.10.10 01:03:14.777,1.44093,1.44139,1.09,1.50
2011.10.10 01:03:15.371,1.44089,1.44139,1.09,1.50
2011.10.10 01:03:18.999,1.44089,1.44139,1.84,1.50
2011.10.10 01:03:19.904,1.44089,1.44139,1.84,1.50
2011.10.10 01:03:20.032,1.44087,1.44139,2.25,1.50
2011.10.10 01:03:20.264,1.44089,1.44132,1.50,1.50
2011.10.10 01:03:20.624,1.44094,1.44136,1.50,1.50
2011.10.10 01:03:20.754,1.44094,1.44137,1.50,1.88
2011.10.10 01:03:24.614,1.44095,1.44137,1.50,1.13
2011.10.10 01:03:25.934,1.44095,1.44137,1.50,1.13
2011.10.10 01:03:29.734,1.44097,1.44137,1.50,1.50
2011.10.10 01:03:30.094,1.44103,1.44143,1.50,1.88
2011.10.10 01:03:30.217,1.441,1.44143,1.50,1.13
2011.10.10 01:03:30.344,1.44099,1.44143,1.09,1.88
2011.10.10 01:03:30.466,1.44099,1.44143,1.09,1.88
2011.10.10 01:03:30.934,1.44099,1.44143,1.09,1.88
2011.10.10 01:03:31.315,1.44099,1.44143,1.09,1.13
2011.10.10 01:03:31.794,1.44099,1.44143,1.09,1.13
2011.10.10 01:03:31.916,1.44099,1.44143,1.09,1.13
2011.10.10 01:03:32.506,1.44099,1.44143,1.09,1.13
2011.10.10 01:03:32.752,1.44099,1.44146,1.09,1.50
2011.10.10 01:03:33.065,1.44099,1.44146,1.09,1.50
2011.10.10 01:03:33.660,1.44103,1.44151,1.50,1.88
2011.10.10 01:03:34.031,1.44102,1.44151,1.50,1.88
2011.10.10 01:03:34.662,1.44102,1.44148,1.50,1.13
2011.10.10 01:03:35.801,1.44099,1.44149,1.50,1.13
2011.10.10 01:03:35.991,1.44097,1.44146,2.63,1.50
2011.10.10 01:03:36.118,1.44097,1.44146,2.63,1.50
2011.10.10 01:03:36.545,1.44097,1.44146,3.38,1.50
2011.10.10 01:03:37.644,1.44097,1.44146,2.63,1.50
2011.10.10 01:03:39.286,1.44101,1.44149,1.50,1.13
2011.10.10 01:03:42.432,1.44101,1.44149,1.50,1.88
2011.10.10 01:03:50.025,1.44101,1.44149,1.50,1.13
2011.10.10 01:03:50.153,1.44101,1.44149,1.50,1.13
2011.10.10 01:03:50.518,1.44099,1.44149,1.50,1.13
2011.10.10 01:03:50.767,1.44098,1.44142,1.50,1.50
2011.10.10 01:03:51.356,1.44098,1.44142,1.50,1.50
2011.10.10 01:03:51.489,1.44096,1.44142,1.50,1.50
2011.10.10 01:03:52.698,1.44096,1.44142,1.50,1.50
2011.10.10 01:03:52.946,1.44095,1.44142,1.50,1.50
2011.10.10 01:03:53.200,1.44095,1.44142,1.50,1.50
2011.10.10 01:03:53.330,1.44095,1.44135,1.50,1.13
2011.10.10 01:03:53.460,1.44095,1.44134,1.88,1.50
2011.10.10 01:03:53.583,1.44095,1.44139,1.88,1.88
2011.10.10 01:03:53.707,1.44095,1.44139,2.63,1.88
2011.10.10 01:03:53.835,1.44095,1.44139,2.63,1.88
2011.10.10 01:03:54.399,1.44095,1.44139,2.63,1.13
2011.10.10 01:03:55.015,1.44095,1.44139,1.88,1.13
2011.10.10 01:03:56.146,1.44095,1.44139,1.88,1.13
2011.10.10 01:03:58.942,1.44095,1.44139,1.88,1.13
2011.10.10 01:03:59.991,1.44095,1.44139,1.88,1.13
2011.10.10 01:04:02.082,1.44095,1.44139,1.88,1.13
2011.10.10 01:04:02.702,1.44095,1.44139,1.88,1.13
2011.10.10 01:04:02.935,1.44095,1.44139,1.88,1.88
2011.10.10 01:04:03.612,1.44097,1.44139,1.50,1.88
2011.10.10 01:04:03.731,1.44097,1.44139,1.50,1.88
2011.10.10 01:04:05.983,1.44097,1.44144,1.50,1.50
2011.10.10 01:04:06.572,1.44095,1.44145,1.50,1.88
2011.10.10 01:04:07.682,1.44095,1.44145,1.50,1.88
2011.10.10 01:04:08.222,1.44095,1.44145,1.50,1.88
2011.10.10 01:04:08.782,1.44095,1.44145,1.50,1.88
2011.10.10 01:04:09.289,1.441,1.44145,1.50,1.88
2011.10.10 01:04:09.812,1.44097,1.44145,1.50,1.88
2011.10.10 01:04:09.934,1.441,1.44145,1.50,1.88
2011.10.10 01:04:10.172,1.44093,1.44136,1.13,1.50
2011.10.10 01:04:10.294,1.44095,1.4413,1.50,1.50
2011.10.10 01:04:10.524,1.44093,1.4413,1.50,1.88
2011.10.10 01:04:10.654,1.44086,1.4413,1.50,1.88
2011.10.10 01:04:11.245,1.44086,1.44129,1.50,1.50
2011.10.10 01:04:13.007,1.44086,1.44129,1.50,1.50
2011.10.10 01:04:13.137,1.44086,1.44136,1.50,1.50
2011.10.10 01:04:13.824,1.44087,1.44136,2.63,1.50
2011.10.10 01:04:15.222,1.44087,1.44136,2.63,1.50
2011.10.10 01:04:16.212,1.44086,1.44136,1.50,1.50
2011.10.10 01:04:16.563,1.44086,1.44136,1.50,1.50
2011.10.10 01:04:16.804,1.44086,1.44136,1.50,1.50
2011.10.10 01:04:17.044,1.44086,1.44136,2.25,1.50
2011.10.10 01:04:17.492,1.44093,1.44143,1.50,1.88
2011.10.10 01:04:17.752,1.44093,1.44143,1.50,1.88
2011.10.10 01:04:18.333,1.44093,1.44143,1.50,1.13
2011.10.10 01:04:18.894,1.44101,1.44148,1.50,1.88
2011.10.10 01:04:19.244,1.44101,1.44148,1.50,1.13
2011.10.10 01:04:19.473,1.4411,1.44155,1.50,1.88
2011.10.10 01:04:19.593,1.4411,1.44155,1.50,1.13
2011.10.10 01:04:19.957,1.4411,1.44156,1.50,1.88
2011.10.10 01:04:20.084,1.4411,1.44152,1.50,1.88
2011.10.10 01:04:20.476,1.4411,1.44153,1.50,1.13
2011.10.10 01:04:20.833,1.4411,1.44161,1.50,1.50
2011.10.10 01:04:20.954,1.4411,1.4416,1.50,1.50
2011.10.10 01:04:21.469,1.4411,1.4416,1.50,1.50
2011.10.10 01:04:22.441,1.4411,1.4416,1.50,1.50
2011.10.10 01:04:22.673,1.4411,1.4416,1.50,1.50
2011.10.10 01:04:23.032,1.4411,1.4416,1.50,1.50
2011.10.10 01:04:23.279,1.44102,1.44152,1.50,1.50
2011.10.10 01:04:23.722,1.44102,1.44152,1.50,1.50
2011.10.10 01:04:24.035,1.44102,1.44152,1.50,1.50
2011.10.10 01:04:24.181,1.441,1.44152,1.13,1.50
2011.10.10 01:04:25.226,1.441,1.44152,1.13,1.50
2011.10.10 01:04:25.887,1.441,1.44152,1.13,1.50
2011.10.10 01:04:26.475,1.441,1.44152,1.13,1.50
2011.10.10 01:04:30.233,1.44102,1.44152,1.50,1.50
2011.10.10 01:04:30.802,1.441,1.44152,1.50,1.50
2011.10.10 01:04:30.923,1.441,1.44158,1.50,1.13
2011.10.10 01:04:31.153,1.441,1.44158,1.50,1.13
2011.10.10 01:04:31.686,1.441,1.44154,1.50,1.50
2011.10.10 01:04:32.083,1.441,1.44153,1.88,1.50
2011.10.10 01:04:32.795,1.44102,1.44153,1.50,1.50
2011.10.10 01:04:33.746,1.44103,1.44153,1.50,1.50
2011.10.10 01:04:33.995,1.44103,1.44153,1.50,1.50
2011.10.10 01:04:34.235,1.44103,1.44153,1.50,1.50
2011.10.10 01:04:34.695,1.44103,1.44153,1.50,1.50
2011.10.10 01:04:35.085,1.44103,1.44153,1.50,1.50
2011.10.10 01:04:35.994,1.44103,1.44153,1.50,1.50
2011.10.10 01:04:36.333,1.44103,1.44153,1.50,1.50
2011.10.10 01:04:36.453,1.44101,1.44153,1.50,1.50
2011.10.10 01:04:38.261,1.441,1.44153,1.50,2.63
2011.10.10 01:04:39.856,1.44102,1.44153,1.50,3.00
2011.10.10 01:04:40.105,1.44102,1.44153,1.50,3.00
2011.10.10 01:04:40.922,1.44102,1.44152,1.50,1.13
2011.10.10 01:04:42.745,1.44101,1.44144,1.50,1.50
2011.10.10 01:04:43.104,1.44096,1.44144,1.50,1.50
2011.10.10 01:04:43.819,1.44094,1.44144,1.50,2.63
2011.10.10 01:04:46.442,1.44094,1.44143,1.50,1.50
2011.10.10 01:04:49.361,1.44094,1.44143,2.25,1.50
2011.10.10 01:04:49.487,1.44094,1.44144,1.50,2.63
2011.10.10 01:04:49.740,1.44094,1.44144,1.50,1.50
2011.10.10 01:04:49.880,1.44097,1.4415,1.50,1.50
2011.10.10 01:04:50.718,1.44103,1.44151,1.13,1.50
2011.10.10 01:04:51.087,1.44105,1.44155,1.50,1.88
2011.10.10 01:04:52.310,1.44101,1.44153,1.84,1.50
2011.10.10 01:04:52.439,1.44101,1.44153,1.84,1.50
2011.10.10 01:04:53.039,1.44101,1.44153,1.09,1.50
2011.10.10 01:04:53.647,1.44097,1.44146,1.50,1.50
2011.10.10 01:04:54.025,1.44096,1.44145,1.50,1.50
2011.10.10 01:04:54.152,1.44096,1.44145,1.50,1.50
2011.10.10 01:04:54.503,1.44096,1.44145,1.50,1.50
2011.10.10 01:04:54.864,1.44093,1.44145,1.50,1.50
2011.10.10 01:04:56.244,1.441,1.44145,1.03,1.50
2011.10.10 01:04:56.488,1.44113,1.44162,1.50,1.23
2011.10.10 01:04:56.618,1.4412,1.44177,1.50,1.09
2011.10.10 01:04:56.746,1.44131,1.44179,1.13,1.23
2011.10.10 01:04:58.147,1.44131,1.44183,1.13,1.50
2011.10.10 01:04:58.398,1.44131,1.44183,1.50,1.50
2011.10.10 01:04:58.635,1.44131,1.44183,1.13,1.50
2011.10.10 01:05:01.174,1.44132,1.44191,1.13,1.50
2011.10.10 01:05:01.417,1.44145,1.44196,1.50,1.23
2011.10.10 01:05:01.652,1.44147,1.44202,1.50,1.50
2011.10.10 01:05:02.255,1.44142,1.44202,1.50,1.50
2011.10.10 01:05:03.452,1.44146,1.44202,1.50,1.50
2011.10.10 01:05:03.575,1.44146,1.44188,1.50,1.50
2011.10.10 01:05:04.045,1.44142,1.44189,1.50,1.23
2011.10.10 01:05:04.181,1.44137,1.44187,1.88,1.50
2011.10.10 01:05:06.815,1.44137,1.44187,1.88,1.50
2011.10.10 01:05:11.673,1.44137,1.44187,1.88,1.50
2011.10.10 01:05:11.793,1.44137,1.44187,1.50,1.50
2011.10.10 01:05:15.053,1.44134,1.44187,1.50,1.50
2011.10.10 01:05:16.881,1.44131,1.44182,1.50,1.50
2011.10.10 01:05:17.233,1.44127,1.44177,3.38,1.50
2011.10.10 01:05:17.472,1.44132,1.44174,1.50,1.50
2011.10.10 01:05:18.066,1.44132,1.44175,1.50,1.50
2011.10.10 01:05:18.644,1.44128,1.44175,1.50,1.50
2011.10.10 01:05:18.885,1.44128,1.44171,1.50,1.13
2011.10.10 01:05:19.124,1.44128,1.44173,1.50,1.13
2011.10.10 01:05:19.366,1.44122,1.44172,1.50,1.13
2011.10.10 01:05:20.474,1.44123,1.44175,1.50,1.50
2011.10.10 01:05:20.949,1.44117,1.44178,3.38,1.43
2011.10.10 01:05:21.314,1.44117,1.44158,1.50,1.13
2011.10.10 01:05:21.895,1.44106,1.44156,1.50,1.50
2011.10.10 01:05:22.492,1.44106,1.44153,1.50,1.88
2011.10.10 01:05:23.061,1.44106,1.44156,1.50,1.50
2011.10.10 01:05:24.401,1.44106,1.4416,1.50,1.50
2011.10.10 01:05:28.779,1.44106,1.4416,1.50,1.50
2011.10.10 01:05:28.910,1.44106,1.44162,1.50,1.50
2011.10.10 01:05:29.040,1.44109,1.44166,1.50,1.50
2011.10.10 01:05:29.921,1.44111,1.44166,1.50,1.50
2011.10.10 01:05:32.994,1.44107,1.44157,1.50,1.50
2011.10.10 01:05:33.114,1.44105,1.44157,1.50,1.50
2011.10.10 01:05:36.794,1.44107,1.44157,1.50,1.50
2011.10.10 01:05:37.132,1.44107,1.44166,1.50,1.50
2011.10.10 01:05:44.357,1.44102,1.44157,1.50,1.50
2011.10.10 01:05:44.486,1.441,1.44157,1.50,1.50
2011.10.10 01:05:50.069,1.44108,1.44169,1.50,1.50
2011.10.10 01:05:50.424,1.44119,1.44169,1.50,1.50
2011.10.10 01:05:51.954,1.44122,1.44169,1.50,1.50
2011.10.10 01:05:53.113,1.44126,1.44178,1.50,1.50
2011.10.10 01:05:53.497,1.44126,1.44178,1.50,1.50
2011.10.10 01:05:54.768,1.44126,1.44179,4.13,1.50
2011.10.10 01:05:54.898,1.44132,1.44184,1.50,1.50
2011.10.10 01:05:55.264,1.44134,1.44186,1.50,2.25
2011.10.10 01:05:56.475,1.44136,1.44186,1.50,1.50
2011.10.10 01:05:56.606,1.44137,1.44188,1.50,1.50
2011.10.10 01:05:58.623,1.44137,1.44188,1.50,1.50
2011.10.10 01:05:58.855,1.44137,1.44188,1.50,1.88
2011.10.10 01:05:59.226,1.44129,1.44181,1.50,1.50
2011.10.10 01:05:59.598,1.44136,1.44183,3.38,1.23
2011.10.10 01:05:59.843,1.44136,1.44189,3.38,1.50
2011.10.10 01:06:00.555,1.44141,1.44192,1.50,1.50
2011.10.10 01:06:00.806,1.44145,1.44192,1.50,1.50
2011.10.10 01:06:01.434,1.44144,1.44192,1.50,1.50
2011.10.10 01:06:02.636,1.44137,1.44188,2.25,1.50
2011.10.10 01:06:02.767,1.44137,1.44184,2.25,1.50
2011.10.10 01:06:02.896,1.44137,1.44188,2.25,1.50
2011.10.10 01:06:03.142,1.4414,1.44188,1.50,1.50
2011.10.10 01:06:03.715,1.44141,1.44191,1.50,1.50
2011.10.10 01:06:03.847,1.44141,1.44191,1.50,1.50
2011.10.10 01:06:03.977,1.44137,1.44189,3.38,1.50
2011.10.10 01:06:04.103,1.44137,1.44187,2.63,1.50
2011.10.10 01:06:05.148,1.44134,1.44181,1.50,1.50
2011.10.10 01:06:05.552,1.44126,1.44172,1.50,1.50
2011.10.10 01:06:05.683,1.44122,1.44172,1.22,1.50
2011.10.10 01:06:06.152,1.44121,1.44173,1.60,1.50
2011.10.10 01:06:08.027,1.44117,1.44172,3.38,1.50
2011.10.10 01:06:08.275,1.44114,1.44172,1.50,1.50
2011.10.10 01:06:08.885,1.44116,1.44168,1.50,1.50
2011.10.10 01:06:09.258,1.44113,1.44163,1.50,1.50
2011.10.10 01:06:09.626,1.44116,1.44161,1.50,1.50
2011.10.10 01:06:10.017,1.44114,1.4416,1.50,1.50
2011.10.10 01:06:10.403,1.44114,1.4416,1.50,1.50
2011.10.10 01:06:10.529,1.44114,1.44153,1.50,1.13
2011.10.10 01:06:10.898,1.44108,1.44144,1.50,1.50
2011.10.10 01:06:11.269,1.44095,1.4415,1.50,1.50
2011.10.10 01:06:11.640,1.44095,1.44149,1.50,1.43
2011.10.10 01:06:12.358,1.44084,1.44149,1.50,1.43
2011.10.10 01:06:12.725,1.44073,1.44138,2.25,1.43
2011.10.10 01:06:13.101,1.4407,1.4413,1.50,1.43
2011.10.10 01:06:13.348,1.44089,1.44139,1.43,1.50
2011.10.10 01:06:13.479,1.44093,1.44146,1.13,1.50
2011.10.10 01:06:13.844,1.44107,1.44146,2.63,1.50
2011.10.10 01:06:14.432,1.44107,1.44158,2.63,1.50
2011.10.10 01:06:15.667,1.44102,1.44151,1.50,1.50
2011.10.10 01:06:15.912,1.44097,1.4415,2.63,1.50
2011.10.10 01:06:17.172,1.44107,1.44157,1.50,1.50
2011.10.10 01:06:18.162,1.44101,1.44156,1.50,1.50
2011.10.10 01:06:18.567,1.44101,1.44156,1.50,1.50
2011.10.10 01:06:19.544,1.44101,1.44153,1.50,1.50
2011.10.10 01:06:19.796,1.44101,1.44146,1.50,1.43
2011.10.10 01:06:20.293,1.44095,1.44146,1.50,2.18
2011.10.10 01:06:20.419,1.44095,1.44146,1.50,2.18
2011.10.10 01:06:20.790,1.44081,1.44126,1.50,1.43
2011.10.10 01:06:20.918,1.44081,1.44126,1.50,1.43
2011.10.10 01:06:21.501,1.44069,1.44126,1.50,1.43
2011.10.10 01:06:21.749,1.44069,1.44126,1.50,1.43
2011.10.10 01:06:21.873,1.44067,1.44126,1.50,1.43
2011.10.10 01:06:23.236,1.4408,1.44138,1.13,1.50
2011.10.10 01:06:23.486,1.44087,1.44143,2.63,1.43
2011.10.10 01:06:24.312,1.44087,1.44143,2.63,1.43
2011.10.10 01:06:24.432,1.44087,1.4414,2.63,1.50
2011.10.10 01:06:25.065,1.44087,1.4414,3.38,1.50
2011.10.10 01:06:25.314,1.44096,1.44147,2.63,1.50
2011.10.10 01:06:29.393,1.44091,1.44144,1.50,1.13
2011.10.10 01:06:30.027,1.44097,1.44149,2.63,1.43
2011.10.10 01:06:30.511,1.44086,1.44149,1.50,1.43
2011.10.10 01:06:30.637,1.44083,1.44141,1.50,1.43
2011.10.10 01:06:31.358,1.44091,1.44141,1.50,1.43
2011.10.10 01:06:31.491,1.44091,1.44148,1.50,1.50
2011.10.10 01:06:31.621,1.44094,1.4415,1.50,1.50
2011.10.10 01:06:32.415,1.44089,1.44148,1.50,1.50
2011.10.10 01:06:32.662,1.44089,1.4414,1.50,1.43
2011.10.10 01:06:33.245,1.44081,1.4414,1.88,1.43
2011.10.10 01:06:33.375,1.44081,1.4414,1.88,1.43
2011.10.10 01:06:33.505,1.44085,1.44148,1.50,1.43
2011.10.10 01:06:34.214,1.44085,1.44148,1.50,1.43
2011.10.10 01:06:36.935,1.44085,1.44148,1.50,1.43
2011.10.10 01:06:37.154,1.44085,1.44148,1.50,1.43
2011.10.10 01:06:37.374,1.44078,1.44148,1.50,1.43
2011.10.10 01:06:40.297,1.44085,1.44148,1.50,1.43
2011.10.10 01:06:40.849,1.44085,1.44148,1.50,1.43
2011.10.10 01:06:40.972,1.44085,1.44148,1.50,1.43
2011.10.10 01:06:41.091,1.44085,1.44148,1.50,1.43
2011.10.10 01:06:41.211,1.44082,1.44148,1.50,1.43
2011.10.10 01:06:42.835,1.44076,1.44141,1.50,1.43
2011.10.10 01:06:42.964,1.44072,1.4414,1.50,1.43
2011.10.10 01:06:43.084,1.44072,1.44132,1.50,1.43
2011.10.10 01:06:43.553,1.44067,1.44132,2.25,1.43
2011.10.10 01:06:49.226,1.44067,1.44132,1.50,1.43
2011.10.10 01:06:57.904,1.44067,1.44132,2.25,1.43
2011.10.10 01:06:59.330,1.44072,1.44132,1.50,1.43
2011.10.10 01:06:59.698,1.44067,1.44132,1.50,1.43
2011.10.10 01:07:00.059,1.44065,1.4413,1.03,1.43
2011.10.10 01:07:00.479,1.44063,1.4413,1.50,1.43
2011.10.10 01:07:00.604,1.44063,1.4413,1.78,1.43
2011.10.10 01:07:01.196,1.44065,1.4413,1.03,1.43
2011.10.10 01:07:02.322,1.44067,1.44132,1.50,1.43
2011.10.10 01:07:03.693,1.44067,1.44132,1.50,1.43
2011.10.10 01:07:05.375,1.44078,1.4414,1.50,1.50
2011.10.10 01:07:05.735,1.44063,1.44122,1.03,1.43
2011.10.10 01:07:07.215,1.44074,1.44122,1.50,1.43
2011.10.10 01:07:07.471,1.44086,1.44135,1.50,1.50
2011.10.10 01:07:07.596,1.44087,1.44137,1.50,1.50
2011.10.10 01:07:07.844,1.44068,1.44125,1.03,1.43
2011.10.10 01:07:09.599,1.44069,1.44132,1.50,1.50
2011.10.10 01:07:11.326,1.44089,1.44134,1.50,3.30
2011.10.10 01:07:11.462,1.44092,1.44142,1.50,1.50
2011.10.10 01:07:11.587,1.44092,1.44143,1.50,1.50
2011.10.10 01:07:13.918,1.441,1.44156,1.50,1.50
2011.10.10 01:07:14.045,1.4411,1.4416,1.50,1.50
2011.10.10 01:07:14.302,1.4411,1.4416,1.50,1.50
2011.10.10 01:07:14.665,1.4411,1.44165,1.50,1.50
2011.10.10 01:07:14.964,1.4411,1.44163,1.50,1.50
2011.10.10 01:07:15.553,1.44111,1.44161,1.50,1.50
2011.10.10 01:07:16.125,1.4411,1.44164,1.50,1.50
2011.10.10 01:07:16.256,1.44111,1.44164,1.50,1.50
2011.10.10 01:07:18.166,1.44116,1.44163,1.50,1.50
2011.10.10 01:07:19.723,1.44117,1.44168,1.50,1.50
2011.10.10 01:07:20.293,1.44117,1.44168,1.50,1.50
2011.10.10 01:07:22.067,1.44118,1.44168,1.50,1.50
2011.10.10 01:07:22.439,1.44121,1.44168,1.50,1.50
2011.10.10 01:07:22.866,1.44118,1.44168,1.50,1.50
2011.10.10 01:07:23.815,1.44121,1.44168,1.50,1.50
2011.10.10 01:07:26.650,1.44118,1.44168,1.88,1.50
2011.10.10 01:07:29.707,1.44122,1.44168,1.50,1.50
2011.10.10 01:07:35.942,1.44126,1.44168,1.88,1.50
2011.10.10 01:07:37.887,1.44131,1.44184,1.50,1.50
2011.10.10 01:07:38.258,1.44136,1.44188,1.50,1.50
2011.10.10 01:07:38.504,1.44132,1.44186,1.50,1.50
2011.10.10 01:07:40.155,1.44123,1.44182,2.18,1.50
2011.10.10 01:07:40.525,1.4412,1.44181,1.22,1.50
2011.10.10 01:07:40.896,1.44127,1.44181,1.88,1.50
2011.10.10 01:07:41.310,1.44127,1.44185,2.63,1.50
2011.10.10 01:07:44.624,1.44127,1.44176,3.38,1.23
2011.10.10 01:07:44.750,1.44122,1.44174,1.50,1.50
2011.10.10 01:07:45.696,1.44122,1.44173,1.50,2.63
2011.10.10 01:07:46.073,1.44122,1.44173,1.50,2.63
2011.10.10 01:07:47.169,1.44126,1.44183,2.25,1.50
2011.10.10 01:07:47.302,1.44131,1.44183,1.50,1.50
2011.10.10 01:07:47.885,1.44139,1.44192,1.50,1.88
2011.10.10 01:07:48.883,1.44127,1.44184,1.50,1.50
2011.10.10 01:07:49.386,1.44122,1.4417,1.50,1.50
2011.10.10 01:07:49.523,1.44127,1.44179,1.50,1.50
2011.10.10 01:07:49.642,1.44127,1.44179,1.50,1.50
2011.10.10 01:07:50.719,1.44125,1.4418,1.50,1.23
2011.10.10 01:07:50.848,1.44121,1.44173,2.25,1.50
2011.10.10 01:07:50.979,1.44123,1.44173,1.50,1.50
2011.10.10 01:07:51.105,1.44121,1.44173,1.50,1.50
2011.10.10 01:07:52.627,1.44121,1.44173,1.50,1.50
2011.10.10 01:07:52.760,1.44121,1.44173,1.50,1.50
2011.10.10 01:07:53.125,1.44119,1.44173,1.50,1.50
2011.10.10 01:07:53.367,1.44117,1.44164,1.50,1.50
2011.10.10 01:07:53.740,1.44119,1.44175,1.50,1.98
2011.10.10 01:07:53.864,1.44123,1.44175,1.50,1.50
2011.10.10 01:07:53.988,1.44126,1.44175,1.88,1.50
2011.10.10 01:07:54.332,1.44126,1.44182,2.63,1.50
2011.10.10 01:07:55.163,1.44126,1.44175,1.88,1.50
2011.10.10 01:07:55.283,1.44126,1.44175,1.88,1.50
2011.10.10 01:07:55.404,1.44126,1.44175,1.88,1.50
2011.10.10 01:07:55.525,1.44117,1.44168,1.88,1.50
2011.10.10 01:07:55.655,1.44117,1.44167,2.63,1.50
2011.10.10 01:07:55.775,1.44115,1.44167,1.50,1.50
2011.10.10 01:07:56.025,1.44115,1.44167,1.50,1.50
2011.10.10 01:07:56.161,1.44109,1.44167,1.50,1.50
2011.10.10 01:07:56.966,1.44115,1.44167,1.50,1.50
2011.10.10 01:07:57.340,1.44115,1.44167,1.50,1.50
2011.10.10 01:07:57.933,1.44108,1.44167,1.50,1.50
2011.10.10 01:07:58.059,1.44108,1.44158,1.50,1.50
2011.10.10 01:07:58.187,1.44108,1.4416,1.50,1.50
2011.10.10 01:07:58.437,1.44108,1.4416,1.50,1.50
2011.10.10 01:07:58.808,1.44108,1.44165,1.50,1.50
2011.10.10 01:07:59.335,1.44112,1.44162,1.50,1.50
2011.10.10 01:07:59.583,1.44115,1.44167,1.50,1.50
2011.10.10 01:07:59.709,1.4412,1.44175,1.43,1.50
2011.10.10 01:07:59.835,1.44133,1.44182,1.50,1.98
2011.10.10 01:08:00.086,1.44127,1.44179,1.50,1.50
2011.10.10 01:08:00.335,1.44132,1.44183,1.50,4.13
2011.10.10 01:08:00.707,1.44126,1.44176,1.88,1.50
2011.10.10 01:08:00.835,1.44126,1.44176,1.88,1.50
2011.10.10 01:08:01.533,1.44121,1.44176,1.50,1.50
2011.10.10 01:08:02.005,1.44111,1.4417,1.50,1.50
2011.10.10 01:08:02.315,1.44111,1.44168,1.50,1.09
2011.10.10 01:08:02.686,1.44108,1.44158,1.50,1.50
2011.10.10 01:08:03.058,1.44108,1.44158,1.50,1.50
2011.10.10 01:08:03.189,1.44108,1.44158,1.50,1.50
2011.10.10 01:08:03.316,1.44108,1.44158,1.50,1.50
2011.10.10 01:08:03.453,1.44114,1.44169,1.50,1.50
2011.10.10 01:08:04.138,1.44117,1.44169,2.63,1.50
2011.10.10 01:08:05.191,1.44112,1.44167,1.50,1.23
2011.10.10 01:08:05.594,1.44111,1.44165,1.50,1.23
2011.10.10 01:08:06.169,1.44113,1.44165,1.50,1.23
2011.10.10 01:08:06.885,1.44112,1.44161,1.50,1.50
2011.10.10 01:08:08.143,1.44109,1.44161,1.50,1.50
2011.10.10 01:08:09.201,1.44102,1.44152,1.50,1.50
2011.10.10 01:08:09.570,1.44092,1.44142,1.50,1.50
2011.10.10 01:08:09.943,1.44088,1.44134,1.09,1.50
2011.10.10 01:08:10.066,1.44086,1.44134,1.09,1.50
2011.10.10 01:08:10.321,1.44082,1.44139,1.50,1.43
2011.10.10 01:08:10.450,1.44081,1.44139,2.25,1.43
2011.10.10 01:08:10.581,1.44078,1.44136,1.50,1.43
2011.10.10 01:08:11.198,1.44078,1.44136,1.50,1.43
2011.10.10 01:08:12.798,1.44076,1.44136,1.50,1.43
2011.10.10 01:08:14.715,1.44067,1.44136,1.50,1.43
2011.10.10 01:08:17.132,1.44068,1.44136,1.03,1.43
2011.10.10 01:08:18.789,1.44078,1.44141,1.50,1.43
2011.10.10 01:08:18.918,1.44085,1.44144,1.50,1.50
2011.10.10 01:08:19.465,1.44086,1.44145,1.50,1.50
2011.10.10 01:08:19.843,1.44086,1.44145,1.50,1.50
2011.10.10 01:08:21.508,1.44081,1.44139,1.50,1.50
2011.10.10 01:08:24.710,1.44076,1.44124,2.63,1.50
2011.10.10 01:08:25.475,1.44076,1.44124,2.63,1.50
2011.10.10 01:08:25.821,1.44076,1.44113,1.88,1.50
2011.10.10 01:08:26.484,1.44076,1.44113,2.63,1.50
2011.10.10 01:08:26.605,1.44076,1.44113,1.88,1.50
2011.10.10 01:08:26.968,1.44076,1.44109,1.88,1.50
2011.10.10 01:08:27.563,1.44076,1.44123,2.63,1.23
2011.10.10 01:08:28.274,1.44067,1.4413,1.50,2.73
2011.10.10 01:08:28.519,1.44067,1.44124,1.50,2.63
2011.10.10 01:08:28.763,1.44067,1.44111,1.50,1.50
2011.10.10 01:08:29.355,1.44067,1.44111,1.50,2.18
2011.10.10 01:08:29.946,1.44053,1.441,1.50,1.09
2011.10.10 01:08:30.077,1.44047,1.44093,1.50,1.50
2011.10.10 01:08:30.204,1.44047,1.4409,1.50,1.43
2011.10.10 01:08:30.772,1.44047,1.44089,1.50,1.43
2011.10.10 01:08:35.389,1.44054,1.44106,1.50,1.50
2011.10.10 01:08:35.518,1.44051,1.44104,1.50,1.43
2011.10.10 01:08:35.649,1.44051,1.44114,1.50,2.18
2011.10.10 01:08:35.779,1.44052,1.44111,1.50,1.50
2011.10.10 01:08:36.199,1.44055,1.4412,1.43,1.50
2011.10.10 01:08:41.377,1.44071,1.44126,1.13,1.50
2011.10.10 01:08:44.274,1.44071,1.44126,1.13,1.50
2011.10.10 01:08:44.645,1.44082,1.44135,1.50,1.50
2011.10.10 01:08:45.238,1.44085,1.44145,1.50,2.25
2011.10.10 01:08:46.428,1.44079,1.44144,1.50,1.50
2011.10.10 01:08:47.008,1.44079,1.44146,1.43,1.50
2011.10.10 01:08:47.375,1.44081,1.44156,1.43,1.50
2011.10.10 01:08:47.504,1.44081,1.44156,1.43,1.50
2011.10.10 01:08:47.627,1.44094,1.44156,1.50,1.50
2011.10.10 01:08:47.998,1.44099,1.44153,1.13,1.50
2011.10.10 01:08:48.524,1.44099,1.44153,1.13,1.50
2011.10.10 01:08:49.458,1.44107,1.44161,1.13,1.50
2011.10.10 01:08:50.568,1.44107,1.44161,1.13,1.50
2011.10.10 01:08:51.814,1.44097,1.44149,1.78,2.25
2011.10.10 01:08:51.939,1.44098,1.44149,1.50,2.25
2011.10.10 01:08:52.310,1.44105,1.44161,1.50,1.50
2011.10.10 01:08:53.029,1.44104,1.44159,1.50,1.50
2011.10.10 01:08:53.395,1.44101,1.44158,1.43,1.50
2011.10.10 01:08:53.515,1.44096,1.44157,1.13,1.50
2011.10.10 01:08:53.633,1.44105,1.44159,1.50,1.50
2011.10.10 01:08:53.756,1.44105,1.4416,1.50,1.50
2011.10.10 01:08:54.124,1.44105,1.4416,1.50,2.25
2011.10.10 01:08:54.243,1.44105,1.4416,1.50,1.50
2011.10.10 01:08:54.597,1.44101,1.44153,1.43,1.88
2011.10.10 01:08:54.727,1.44092,1.44153,1.43,1.88
2011.10.10 01:08:54.855,1.44092,1.44157,1.43,1.50
2011.10.10 01:08:55.760,1.44092,1.44158,1.43,1.50
2011.10.10 01:08:55.886,1.44101,1.44161,1.43,1.50
2011.10.10 01:08:57.533,1.44101,1.44161,1.43,1.50
2011.10.10 01:08:58.123,1.44101,1.44164,1.43,2.25
2011.10.10 01:08:58.920,1.44101,1.44164,1.43,1.50
2011.10.10 01:08:59.456,1.44101,1.44166,1.43,1.50
2011.10.10 01:09:04.546,1.44097,1.44145,1.88,1.50
2011.10.10 01:09:04.921,1.44107,1.44167,1.43,1.23
2011.10.10 01:09:05.054,1.44107,1.44168,1.43,1.50
2011.10.10 01:09:05.175,1.44107,1.44168,1.43,1.50
2011.10.10 01:09:06.576,1.44107,1.44168,1.43,1.50
2011.10.10 01:09:07.908,1.44087,1.44138,1.50,1.50
2011.10.10 01:09:08.279,1.44101,1.44163,1.43,1.23
2011.10.10 01:09:08.409,1.44101,1.44166,1.43,1.50
2011.10.10 01:09:11.348,1.44097,1.44147,1.50,1.13
2011.10.10 01:09:11.715,1.44091,1.44144,2.25,2.63
2011.10.10 01:09:12.303,1.44094,1.44144,1.50,2.63
2011.10.10 01:09:13.624,1.441,1.44144,1.50,2.63
2011.10.10 01:09:13.865,1.44106,1.44148,1.43,1.50
2011.10.10 01:09:14.107,1.44119,1.44152,1.09,1.23
2011.10.10 01:09:14.235,1.44119,1.44169,1.09,1.50
2011.10.10 01:09:15.515,1.44117,1.44167,1.50,1.50
2011.10.10 01:09:15.774,1.44098,1.44156,1.84,2.25
2011.10.10 01:09:20.670,1.44092,1.44139,1.50,1.50
2011.10.10 01:09:21.032,1.44092,1.4414,1.50,1.50
2011.10.10 01:09:23.676,1.44092,1.44139,1.50,1.88
2011.10.10 01:09:24.286,1.44092,1.44131,1.50,1.50
2011.10.10 01:09:24.418,1.44086,1.4413,1.50,1.50
2011.10.10 01:09:24.897,1.44071,1.44131,1.50,2.93
2011.10.10 01:09:25.734,1.44061,1.44123,1.50,1.43
2011.10.10 01:09:26.084,1.44055,1.44116,1.09,1.43
2011.10.10 01:09:26.513,1.44054,1.44108,1.09,1.43
2011.10.10 01:09:27.378,1.44048,1.44108,2.25,1.43
2011.10.10 01:09:27.692,1.44049,1.44108,1.50,1.43
2011.10.10 01:09:27.925,1.44048,1.44108,1.50,1.43
2011.10.10 01:09:28.179,1.44048,1.44098,1.50,1.43
2011.10.10 01:09:28.427,1.4404,1.44098,1.50,1.43
2011.10.10 01:09:28.555,1.4404,1.44098,1.50,1.43
2011.10.10 01:09:29.247,1.44036,1.44098,1.50,1.43
2011.10.10 01:09:30.826,1.4404,1.44098,1.50,1.43
2011.10.10 01:09:30.957,1.44049,1.44109,1.50,1.50
2011.10.10 01:09:31.088,1.4404,1.4409,1.50,1.43
2011.10.10 01:09:31.653,1.44038,1.4409,1.50,1.43
2011.10.10 01:09:34.913,1.44041,1.4409,1.09,1.43
2011.10.10 01:09:35.253,1.44048,1.44109,2.25,1.50
2011.10.10 01:09:35.373,1.44056,1.44109,1.50,1.50
2011.10.10 01:09:35.615,1.44053,1.44109,1.03,1.50
2011.10.10 01:09:36.413,1.44048,1.4411,1.78,1.50
2011.10.10 01:09:36.535,1.44048,1.44111,1.78,2.18
2011.10.10 01:09:36.667,1.44048,1.44103,1.03,1.43
2011.10.10 01:09:36.912,1.44039,1.44096,1.09,1.43
2011.10.10 01:09:37.892,1.44039,1.44104,1.50,3.30
2011.10.10 01:09:38.260,1.44031,1.44096,1.50,1.43
2011.10.10 01:09:38.624,1.44028,1.44096,1.50,1.43
2011.10.10 01:09:41.925,1.44031,1.44093,1.50,2.63
2011.10.10 01:09:42.059,1.44038,1.44108,1.43,1.50
2011.10.10 01:09:42.186,1.44051,1.44106,1.50,1.50
2011.10.10 01:09:43.265,1.44051,1.44105,1.50,1.50
2011.10.10 01:09:43.395,1.44051,1.44106,1.50,1.50
2011.10.10 01:09:43.517,1.44051,1.44105,1.50,1.50
2011.10.10 01:09:44.158,1.44051,1.44105,1.50,1.50
2011.10.10 01:09:44.289,1.44044,1.44105,1.09,1.50
2011.10.10 01:09:44.655,1.44046,1.44105,1.50,1.50
2011.10.10 01:09:47.644,1.44044,1.44097,1.50,1.50
2011.10.10 01:09:47.932,1.44034,1.44094,1.50,2.63
2011.10.10 01:09:48.063,1.44031,1.44084,1.50,1.43
2011.10.10 01:09:48.428,1.44031,1.44084,1.50,1.43
2011.10.10 01:09:48.676,1.44024,1.44084,1.50,1.43
2011.10.10 01:09:50.928,1.44031,1.44096,1.50,1.50
2011.10.10 01:09:51.056,1.44037,1.44102,1.50,2.18
2011.10.10 01:09:53.564,1.44044,1.44102,1.03,2.18
2011.10.10 01:09:53.807,1.44044,1.44098,1.03,1.50
2011.10.10 01:09:54.445,1.44044,1.44094,1.03,2.63
2011.10.10 01:09:55.439,1.44044,1.44091,1.03,1.43
2011.10.10 01:09:55.568,1.44044,1.44089,1.03,1.50
2011.10.10 01:09:55.819,1.4403,1.44083,1.40,1.43
2011.10.10 01:09:56.530,1.44035,1.44083,1.03,1.43
2011.10.10 01:09:56.657,1.44038,1.4409,1.50,1.50
2011.10.10 01:09:56.908,1.4404,1.44093,1.03,2.18
2011.10.10 01:09:57.516,1.44038,1.44093,1.50,2.63
2011.10.10 01:09:57.893,1.44038,1.44103,1.50,1.50
2011.10.10 01:10:03.616,1.44041,1.44106,1.43,1.50
2011.10.10 01:10:06.109,1.44051,1.44126,1.50,1.43
2011.10.10 01:10:06.813,1.44046,1.44122,1.50,1.43
2011.10.10 01:10:15.924,1.44049,1.44126,1.43,1.50
2011.10.10 01:10:25.798,1.44047,1.44122,1.50,1.43
2011.10.10 01:10:26.976,1.44042,1.44115,1.50,2.93
2011.10.10 01:10:30.667,1.44036,1.44104,1.50,1.50
2011.10.10 01:10:32.646,1.4403,1.44095,2.25,1.43
2011.10.10 01:10:32.775,1.4403,1.44095,2.25,1.43
2011.10.10 01:10:33.636,1.44034,1.44094,1.50,2.63
2011.10.10 01:10:34.997,1.44032,1.44093,1.50,2.63
2011.10.10 01:10:35.126,1.44047,1.44105,1.50,1.88
2011.10.10 01:10:35.259,1.44042,1.44099,1.22,1.50
2011.10.10 01:10:35.391,1.44038,1.44098,1.50,1.50
2011.10.10 01:10:35.862,1.44034,1.44094,1.50,3.30
2011.10.10 01:10:36.455,1.44039,1.44098,1.50,1.50
2011.10.10 01:10:41.659,1.44047,1.44103,1.50,1.13
2011.10.10 01:10:42.013,1.44047,1.44097,1.50,1.50
2011.10.10 01:10:42.364,1.44047,1.44097,1.50,1.50
2011.10.10 01:10:43.075,1.44056,1.44106,1.50,1.50
2011.10.10 01:10:43.555,1.44056,1.44106,1.50,1.50
2011.10.10 01:10:44.670,1.44058,1.44106,1.50,1.50
2011.10.10 01:10:44.993,1.44056,1.44106,1.50,1.50
2011.10.10 01:10:45.239,1.44065,1.44115,1.47,1.50
2011.10.10 01:10:45.368,1.44073,1.44123,1.50,1.23
2011.10.10 01:10:45.493,1.4408,1.44123,1.50,1.23
2011.10.10 01:10:45.845,1.44084,1.44135,1.09,1.50
2011.10.10 01:10:47.268,1.44078,1.44132,1.50,1.50
2011.10.10 01:10:47.636,1.4408,1.44129,1.50,1.50
2011.10.10 01:10:51.316,1.44077,1.44127,1.50,2.25
2011.10.10 01:10:51.448,1.44075,1.44126,1.50,1.88
2011.10.10 01:10:51.692,1.44077,1.44123,1.50,2.63
2011.10.10 01:10:51.942,1.44077,1.44123,1.50,2.63
2011.10.10 01:10:52.552,1.44077,1.44127,1.50,1.50
2011.10.10 01:10:53.039,1.44077,1.44127,1.50,1.50
2011.10.10 01:10:54.736,1.44069,1.44127,1.09,1.50
2011.10.10 01:10:54.872,1.44061,1.44102,2.25,1.13
2011.10.10 01:10:54.998,1.44061,1.44102,1.50,1.13
2011.10.10 01:10:55.369,1.44037,1.44083,1.50,2.63
2011.10.10 01:10:55.736,1.44032,1.44088,1.50,1.50
2011.10.10 01:10:55.868,1.44035,1.44091,1.50,1.09
2011.10.10 01:10:56.558,1.44035,1.44091,2.25,1.09
2011.10.10 01:10:56.951,1.44036,1.44091,1.50,1.09
2011.10.10 01:10:57.081,1.44037,1.44093,1.50,3.00
2011.10.10 01:10:57.208,1.44036,1.44092,1.50,1.50
2011.10.10 01:10:57.335,1.44033,1.4409,1.50,1.43
2011.10.10 01:10:58.494,1.44033,1.4409,1.50,1.43
2011.10.10 01:10:59.385,1.44033,1.4409,1.50,1.43
2011.10.10 01:10:59.943,1.44027,1.44077,2.25,1.50
2011.10.10 01:11:02.046,1.44036,1.44092,1.84,1.88
2011.10.10 01:11:02.175,1.44044,1.44092,1.50,1.13
2011.10.10 01:11:02.306,1.44037,1.44088,1.50,1.50
2011.10.10 01:11:02.676,1.44042,1.44092,1.50,1.50
2011.10.10 01:11:03.284,1.4405,1.44093,1.50,2.63
2011.10.10 01:11:03.513,1.4405,1.44093,1.50,2.63
2011.10.10 01:11:03.877,1.44058,1.44108,1.50,1.50
2011.10.10 01:11:04.246,1.44076,1.44118,1.50,1.23
2011.10.10 01:11:04.495,1.44078,1.4412,1.43,1.50
2011.10.10 01:11:04.736,1.44085,1.44125,1.50,1.88
2011.10.10 01:11:05.106,1.44092,1.44128,1.50,1.09
2011.10.10 01:11:05.609,1.4409,1.44129,1.50,1.50
2011.10.10 01:11:05.975,1.4408,1.44129,1.50,1.50
2011.10.10 01:11:06.447,1.44075,1.44125,1.50,1.50
2011.10.10 01:11:06.574,1.4406,1.44123,1.50,1.43
2011.10.10 01:11:06.696,1.44056,1.44112,1.78,1.50
2011.10.10 01:11:06.939,1.44056,1.4411,1.50,1.50
2011.10.10 01:11:07.064,1.4406,1.4411,1.50,1.50
2011.10.10 01:11:07.404,1.44053,1.4411,1.50,1.50
2011.10.10 01:11:07.644,1.44048,1.44109,1.50,1.50
2011.10.10 01:11:42.277,1.4405,1.44114,1.50,1.50
2011.10.10 01:11:42.753,1.44049,1.44114,1.43,1.50
2011.10.10 01:11:44.715,1.44049,1.44114,2.18,1.50
2011.10.10 01:11:45.665,1.44049,1.44114,1.43,1.50
2011.10.10 01:11:46.633,1.4405,1.44114,1.50,1.50
2011.10.10 01:11:49.477,1.44048,1.44106,1.50,1.50
2011.10.10 01:11:49.725,1.44042,1.44098,2.25,1.50
2011.10.10 01:11:51.175,1.44038,1.44101,2.25,1.50
2011.10.10 01:11:52.513,1.4404,1.44095,1.50,1.50
2011.10.10 01:11:52.998,1.44033,1.44094,1.50,1.43
2011.10.10 01:11:53.356,1.44034,1.44094,1.50,1.43
2011.10.10 01:11:54.028,1.44034,1.44094,1.50,1.43
2011.10.10 01:11:54.616,1.44032,1.4409,1.50,1.50
2011.10.10 01:11:56.403,1.44042,1.44094,1.50,1.50
2011.10.10 01:11:56.766,1.44035,1.44085,1.50,1.09
2011.10.10 01:11:57.017,1.44033,1.44085,1.50,1.09
2011.10.10 01:12:00.162,1.44036,1.44098,1.50,1.50
2011.10.10 01:12:02.088,1.44037,1.44102,1.43,1.50
2011.10.10 01:12:02.672,1.44038,1.44103,1.50,3.38
2011.10.10 01:12:05.084,1.4405,1.44103,2.25,1.50
2011.10.10 01:12:09.227,1.44059,1.4411,1.50,1.09
2011.10.10 01:12:09.600,1.44067,1.44114,1.50,2.63
2011.10.10 01:12:11.644,1.44067,1.44114,1.50,2.63
2011.10.10 01:12:11.887,1.44083,1.44128,1.50,1.61
2011.10.10 01:12:12.013,1.44087,1.44128,1.43,1.23
2011.10.10 01:12:12.136,1.44087,1.44134,1.43,1.50
2011.10.10 01:12:12.758,1.44087,1.44136,1.43,1.50
2011.10.10 01:12:12.883,1.44087,1.44136,1.43,1.50
2011.10.10 01:12:14.379,1.44083,1.44132,1.50,1.13
2011.10.10 01:12:14.506,1.44075,1.4413,1.50,1.23
2011.10.10 01:12:15.018,1.44074,1.4413,1.50,1.98
2011.10.10 01:12:16.076,1.44069,1.44121,1.50,1.09
2011.10.10 01:12:16.322,1.44073,1.44121,1.50,1.09
2011.10.10 01:12:17.333,1.44068,1.44118,1.50,1.50
2011.10.10 01:12:17.807,1.44068,1.44114,1.50,1.13
2011.10.10 01:12:21.456,1.44072,1.44113,1.50,1.50
2011.10.10 01:12:21.707,1.44072,1.44128,1.50,1.50
2011.10.10 01:12:21.953,1.44071,1.44132,2.18,1.23
2011.10.10 01:12:22.483,1.44071,1.44134,2.18,1.50
2011.10.10 01:12:25.802,1.44071,1.44134,2.18,1.50
2011.10.10 01:12:26.038,1.44071,1.44134,2.18,1.50
2011.10.10 01:12:26.166,1.44071,1.44134,2.18,1.50
2011.10.10 01:12:26.527,1.44084,1.44134,1.50,1.50
2011.10.10 01:12:26.661,1.44092,1.44139,1.50,1.50
2011.10.10 01:12:27.253,1.44088,1.44136,1.50,1.50
2011.10.10 01:12:27.975,1.44088,1.44137,1.50,1.50
2011.10.10 01:12:28.336,1.44088,1.44137,1.50,1.50
2011.10.10 01:12:28.806,1.44084,1.44133,1.50,1.13
2011.10.10 01:12:28.935,1.44077,1.44129,2.63,1.50
2011.10.10 01:12:29.072,1.44067,1.44122,1.50,1.13
2011.10.10 01:12:29.605,1.44057,1.44113,1.50,1.09
2011.10.10 01:12:29.835,1.44052,1.44113,1.43,1.09
2011.10.10 01:12:32.493,1.44065,1.44113,1.50,1.09
2011.10.10 01:12:35.674,1.44072,1.44123,1.50,1.13
2011.10.10 01:12:35.796,1.44076,1.44124,1.09,2.63
2011.10.10 01:12:35.930,1.44078,1.44138,1.43,1.57
2011.10.10 01:12:36.056,1.44078,1.44138,1.43,1.57
2011.10.10 01:12:39.445,1.44078,1.44141,2.18,1.50
2011.10.10 01:12:42.265,1.44078,1.44139,1.50,1.50
2011.10.10 01:12:42.505,1.44074,1.44135,1.50,2.25
2011.10.10 01:12:44.809,1.44079,1.44134,1.43,2.63
2011.10.10 01:12:44.939,1.44088,1.44134,1.50,2.63
2011.10.10 01:12:45.184,1.44092,1.44134,1.50,2.63
2011.10.10 01:12:45.657,1.44103,1.44148,1.50,1.23
2011.10.10 01:12:46.025,1.44104,1.44149,1.50,1.50
2011.10.10 01:12:46.668,1.44101,1.4415,1.50,1.50
2011.10.10 01:12:50.160,1.44096,1.44146,1.50,1.50
2011.10.10 01:12:50.287,1.44092,1.44146,1.50,1.50
2011.10.10 01:12:50.894,1.44094,1.44147,1.09,1.23
2011.10.10 01:12:51.015,1.44101,1.44147,1.50,1.23
2011.10.10 01:12:51.603,1.44101,1.44151,1.50,1.50
2011.10.10 01:12:52.113,1.44099,1.44151,1.50,1.50
2011.10.10 01:12:52.233,1.44097,1.44149,1.50,1.50
2011.10.10 01:12:54.865,1.44089,1.44136,1.50,1.50
2011.10.10 01:12:57.205,1.4408,1.44134,1.50,1.50
2011.10.10 01:12:57.660,1.4408,1.44132,1.50,2.25
2011.10.10 01:12:57.793,1.44079,1.44127,1.50,1.50
2011.10.10 01:12:58.275,1.44075,1.4413,1.50,1.50
2011.10.10 01:13:00.615,1.44074,1.4412,1.50,1.13
2011.10.10 01:13:00.744,1.44073,1.4412,1.50,1.88
2011.10.10 01:13:02.607,1.44072,1.44119,1.50,1.88
2011.10.10 01:13:02.976,1.44068,1.44118,1.50,1.50
2011.10.10 01:13:03.334,1.44065,1.44114,1.50,1.13
2011.10.10 01:13:03.454,1.44065,1.44114,1.50,1.13
2011.10.10 01:13:03.814,1.44057,1.44107,1.50,1.50
2011.10.10 01:13:04.417,1.44057,1.44107,1.50,1.50
2011.10.10 01:13:05.343,1.44057,1.44107,1.50,1.50
2011.10.10 01:13:06.118,1.44056,1.44097,1.50,1.50
2011.10.10 01:13:06.489,1.44056,1.44091,1.50,1.50
2011.10.10 01:13:06.740,1.44032,1.44089,1.13,1.43
2011.10.10 01:13:07.050,1.44029,1.44083,2.25,2.63
2011.10.10 01:13:07.175,1.44028,1.44081,1.50,1.43
2011.10.10 01:13:07.308,1.44029,1.44081,1.50,1.43
2011.10.10 01:13:07.919,1.44028,1.44081,1.50,1.43
2011.10.10 01:13:08.514,1.44027,1.44081,1.50,1.43
2011.10.10 01:13:09.236,1.4403,1.44077,1.50,1.50
2011.10.10 01:13:10.005,1.4403,1.44075,1.50,1.50
2011.10.10 01:13:13.243,1.4403,1.4407,1.50,1.50
2011.10.10 01:13:13.954,1.4403,1.44074,1.50,1.50
2011.10.10 01:13:14.575,1.4403,1.4407,1.50,1.50
2011.10.10 01:13:14.703,1.44028,1.44069,1.50,1.50
2011.10.10 01:13:14.826,1.44028,1.44069,1.50,1.50
2011.10.10 01:13:14.953,1.44028,1.44067,1.50,1.50
2011.10.10 01:13:15.967,1.44023,1.44065,1.50,1.50
2011.10.10 01:13:16.629,1.44021,1.44064,1.50,1.50
2011.10.10 01:13:16.768,1.44017,1.4406,1.50,1.50
2011.10.10 01:13:17.017,1.44016,1.44061,1.50,1.50
2011.10.10 01:13:17.959,1.44012,1.4406,1.50,1.50
2011.10.10 01:13:19.133,1.44012,1.4406,1.50,1.50
2011.10.10 01:13:19.714,1.44015,1.44056,1.50,1.50
2011.10.10 01:13:20.299,1.44011,1.44061,1.50,1.50
2011.10.10 01:13:20.695,1.44011,1.44056,1.50,1.43
2011.10.10 01:13:21.405,1.44013,1.44056,1.50,1.43
2011.10.10 01:13:21.765,1.44011,1.44056,1.50,1.43
2011.10.10 01:13:22.436,1.4401,1.44056,1.50,1.43
2011.10.10 01:13:22.684,1.44012,1.44056,1.50,1.43
2011.10.10 01:13:24.488,1.44009,1.44051,1.50,1.50
2011.10.10 01:13:24.965,1.44011,1.44053,1.50,2.63
2011.10.10 01:13:25.330,1.44002,1.44043,1.03,1.13
2011.10.10 01:13:25.578,1.44002,1.44035,1.50,1.13
2011.10.10 01:13:25.705,1.43997,1.44035,1.50,1.13
2011.10.10 01:13:26.973,1.43995,1.4404,1.50,1.13
2011.10.10 01:13:28.106,1.44019,1.44043,1.13,1.50
2011.10.10 01:13:28.475,1.44021,1.44071,1.50,1.13
2011.10.10 01:13:28.596,1.44019,1.44061,1.22,1.13
2011.10.10 01:13:28.727,1.44018,1.44063,1.03,1.50
2011.10.10 01:13:29.099,1.4405,1.441,1.50,1.50
2011.10.10 01:13:29.231,1.4405,1.44106,1.50,1.50
2011.10.10 01:13:29.354,1.44058,1.4411,1.50,1.50
2011.10.10 01:13:29.704,1.44059,1.44118,1.50,1.50
2011.10.10 01:13:30.825,1.44066,1.44118,1.50,1.50
2011.10.10 01:13:31.186,1.44044,1.44113,1.03,1.50
2011.10.10 01:13:31.321,1.44041,1.44113,1.43,1.50
2011.10.10 01:13:31.687,1.44032,1.44103,1.43,1.50
2011.10.10 01:13:32.060,1.44032,1.44089,2.18,2.18
2011.10.10 01:13:32.184,1.44032,1.44086,1.50,1.50
2011.10.10 01:13:32.309,1.44015,1.44073,1.50,1.50
2011.10.10 01:13:32.859,1.44012,1.44073,1.50,1.50
2011.10.10 01:13:32.993,1.44011,1.44073,1.50,3.38
2011.10.10 01:13:33.118,1.44011,1.44074,1.50,2.63
2011.10.10 01:13:33.248,1.44011,1.44074,1.50,2.63
2011.10.10 01:13:33.983,1.44011,1.44076,1.50,1.43
2011.10.10 01:13:36.298,1.44005,1.44076,1.50,1.43
2011.10.10 01:13:41.393,1.44002,1.44071,1.50,1.43
2011.10.10 01:13:42.353,1.44002,1.44071,1.50,1.43
2011.10.10 01:13:46.424,1.44002,1.44071,2.25,1.43
2011.10.10 01:13:46.854,1.44002,1.44071,2.25,1.43
2011.10.10 01:13:46.975,1.43999,1.44062,1.50,1.43
2011.10.10 01:13:47.333,1.44003,1.44062,1.50,1.43
2011.10.10 01:13:49.348,1.44022,1.44073,1.13,1.50
2011.10.10 01:13:49.479,1.44022,1.44073,1.22,1.13
2011.10.10 01:13:49.610,1.44008,1.4406,1.50,1.09
2011.10.10 01:13:49.737,1.44008,1.4406,1.50,1.09
2011.10.10 01:13:50.105,1.44004,1.4406,1.78,1.09
2011.10.10 01:13:53.167,1.44022,1.44069,1.50,1.13
2011.10.10 01:13:53.295,1.44022,1.44074,1.50,1.50
2011.10.10 01:13:53.419,1.44018,1.44068,1.09,1.13
2011.10.10 01:13:53.667,1.44013,1.44067,1.50,1.50
2011.10.10 01:13:53.904,1.44013,1.44063,1.50,1.50
2011.10.10 01:13:54.254,1.44013,1.44065,1.50,1.50
2011.10.10 01:13:54.723,1.44013,1.44063,1.50,1.50
2011.10.10 01:13:55.381,1.44013,1.44067,1.50,1.50
2011.10.10 01:13:57.078,1.44013,1.44063,1.50,1.88
2011.10.10 01:13:57.205,1.4401,1.44062,1.03,1.50
2011.10.10 01:13:57.598,1.4401,1.44063,1.03,4.50
2011.10.10 01:13:57.847,1.44005,1.44056,1.50,1.50
2011.10.10 01:13:57.979,1.44005,1.44051,1.50,1.50
2011.10.10 01:13:59.582,1.43994,1.44053,1.50,1.50
2011.10.10 01:14:01.502,1.43994,1.44053,1.50,1.50
2011.10.10 01:14:01.627,1.43994,1.44053,1.50,1.50
2011.10.10 01:14:02.059,1.43994,1.44055,2.25,1.50
2011.10.10 01:14:02.431,1.44033,1.44077,1.50,1.50
2011.10.10 01:14:02.562,1.44017,1.44054,1.70,1.50
2011.10.10 01:14:02.807,1.44016,1.44063,1.09,1.50
2011.10.10 01:14:02.937,1.44025,1.44076,1.50,1.43
2011.10.10 01:14:03.069,1.44021,1.44085,1.03,1.43
2011.10.10 01:14:03.677,1.4402,1.44085,1.50,1.43
2011.10.10 01:14:03.808,1.44016,1.44085,1.50,1.43
2011.10.10 01:14:06.491,1.44027,1.44092,1.13,1.43
2011.10.10 01:14:06.859,1.44052,1.44112,1.43,1.98
2011.10.10 01:14:06.986,1.44052,1.44117,1.43,1.50
2011.10.10 01:14:08.125,1.44053,1.44117,1.50,1.50
2011.10.10 01:14:08.370,1.44053,1.44116,1.50,1.50
2011.10.10 01:14:08.623,1.44053,1.44121,1.50,1.98
2011.10.10 01:14:08.987,1.44053,1.44118,1.50,1.50
2011.10.10 01:14:09.578,1.44062,1.44124,1.50,1.50
2011.10.10 01:14:09.704,1.44071,1.44132,1.50,1.50
2011.10.10 01:14:09.829,1.44076,1.44134,1.43,1.50
2011.10.10 01:14:09.960,1.44076,1.44136,1.43,1.23
2011.10.10 01:14:10.091,1.44084,1.44142,2.18,1.50
2011.10.10 01:14:10.417,1.4409,1.44144,1.50,1.50
2011.10.10 01:14:10.671,1.441,1.44156,1.43,1.50
2011.10.10 01:14:11.025,1.44108,1.4416,1.43,1.23
2011.10.10 01:14:11.145,1.44108,1.44163,1.43,2.25
2011.10.10 01:14:11.374,1.44108,1.44158,1.43,1.50
2011.10.10 01:14:11.937,1.44108,1.44158,1.43,1.50
2011.10.10 01:14:12.187,1.44108,1.44163,1.43,1.50
2011.10.10 01:14:12.317,1.44108,1.44165,1.43,1.50
2011.10.10 01:14:12.447,1.44108,1.44165,1.43,1.50
2011.10.10 01:14:12.574,1.44108,1.44165,1.43,1.50
2011.10.10 01:14:15.255,1.44108,1.44165,1.43,1.50
2011.10.10 01:14:15.604,1.44099,1.44161,1.43,1.50
2011.10.10 01:14:16.018,1.44099,1.44161,1.43,1.50
2011.10.10 01:14:16.609,1.44103,1.44163,1.50,1.50
2011.10.10 01:14:19.263,1.44104,1.44153,1.50,1.50
2011.10.10 01:14:21.157,1.44097,1.44146,1.50,1.50
2011.10.10 01:14:21.406,1.44102,1.44152,1.50,1.50
2011.10.10 01:14:22.437,1.44102,1.44152,1.50,1.50
2011.10.10 01:14:22.579,1.44102,1.44152,1.50,1.50
2011.10.10 01:14:22.705,1.44097,1.44152,1.50,1.50
2011.10.10 01:14:22.826,1.44096,1.44144,2.63,1.50
2011.10.10 01:14:23.081,1.44086,1.44147,1.88,1.50
2011.10.10 01:14:23.207,1.44086,1.44147,1.50,2.25
2011.10.10 01:14:29.457,1.44083,1.44144,1.50,1.50
2011.10.10 01:14:30.045,1.44089,1.44144,1.50,1.50
2011.10.10 01:14:30.300,1.44082,1.44144,1.50,1.50
2011.10.10 01:14:31.735,1.44082,1.44135,1.50,1.13
2011.10.10 01:14:32.115,1.44079,1.44135,1.50,1.61
2011.10.10 01:14:32.356,1.44085,1.44134,1.50,2.63
2011.10.10 01:14:34.811,1.44093,1.44138,1.43,1.13
2011.10.10 01:14:34.938,1.44095,1.44145,1.50,1.09
2011.10.10 01:14:35.069,1.44095,1.4415,1.50,1.50
2011.10.10 01:14:38.778,1.44089,1.44142,1.50,1.50
2011.10.10 01:14:39.027,1.44094,1.4415,1.50,1.50
2011.10.10 01:14:39.268,1.44085,1.44148,1.43,1.50
2011.10.10 01:14:39.395,1.44079,1.44144,1.50,2.18
2011.10.10 01:14:40.005,1.44079,1.44138,1.50,1.50
2011.10.10 01:14:40.248,1.44075,1.44135,1.50,1.50
2011.10.10 01:14:40.377,1.44072,1.44135,1.50,1.50
2011.10.10 01:14:40.505,1.44071,1.44135,1.50,1.50
2011.10.10 01:14:40.856,1.44063,1.44128,1.50,1.43
2011.10.10 01:14:41.212,1.44063,1.44128,1.50,1.43
2011.10.10 01:14:42.064,1.44063,1.44128,1.50,1.43
2011.10.10 01:14:42.877,1.44063,1.44128,1.50,1.43
2011.10.10 01:14:44.434,1.44066,1.44128,1.50,1.43
2011.10.10 01:15:00.576,1.44069,1.44128,1.50,1.43
2011.10.10 01:15:00.824,1.44069,1.44128,1.50,1.43
2011.10.10 01:15:02.615,1.44069,1.44128,1.50,1.43
2011.10.10 01:15:04.154,1.44068,1.44128,1.50,1.43
2011.10.10 01:15:05.377,1.44064,1.44115,1.50,1.50
2011.10.10 01:15:05.631,1.44052,1.44114,1.50,1.50
2011.10.10 01:15:05.756,1.44052,1.44106,1.50,1.50
2011.10.10 01:15:06.919,1.44052,1.44102,1.50,1.50
2011.10.10 01:15:07.286,1.44052,1.44102,1.50,1.50
2011.10.10 01:15:07.655,1.44052,1.44102,1.50,1.50
2011.10.10 01:15:08.015,1.44059,1.44111,1.50,1.50
2011.10.10 01:15:08.139,1.44057,1.44102,2.63,1.50
2011.10.10 01:15:08.504,1.44046,1.44096,2.63,1.50
2011.10.10 01:15:08.624,1.44046,1.44097,2.63,1.50
2011.10.10 01:15:10.360,1.44046,1.4409,2.63,1.50
2011.10.10 01:15:10.610,1.44032,1.44076,1.50,1.09
2011.10.10 01:15:10.735,1.44023,1.44075,1.03,1.09
2011.10.10 01:15:10.855,1.44021,1.44076,1.03,1.09
2011.10.10 01:15:10.984,1.44021,1.44076,1.03,1.47
2011.10.10 01:15:11.104,1.44018,1.44076,1.50,1.47
2011.10.10 01:15:11.665,1.44018,1.44074,1.50,2.22
2011.10.10 01:15:11.786,1.44012,1.44074,1.50,2.22
2011.10.10 01:15:12.035,1.44,1.44071,1.03,1.09
2011.10.10 01:15:13.134,1.43998,1.44071,1.03,1.09
2011.10.10 01:15:13.254,1.43999,1.44071,1.03,1.09
2011.10.10 01:15:14.609,1.44001,1.44067,1.50,1.43
2011.10.10 01:15:14.857,1.44007,1.44073,1.50,2.63
2011.10.10 01:15:15.227,1.44007,1.44073,1.50,2.63
2011.10.10 01:15:15.588,1.44008,1.4408,1.50,1.43
2011.10.10 01:15:16.176,1.44008,1.4408,1.50,1.43
2011.10.10 01:15:16.306,1.44012,1.44083,1.50,2.63
2011.10.10 01:15:18.507,1.44012,1.4409,1.78,1.43
2011.10.10 01:15:19.174,1.44012,1.4409,1.50,1.43
2011.10.10 01:15:19.524,1.44014,1.4409,1.03,1.43
2011.10.10 01:15:20.569,1.4404,1.44104,1.50,1.50
2011.10.10 01:15:20.703,1.44051,1.44114,1.50,1.43
2011.10.10 01:15:21.070,1.44044,1.44107,1.50,1.43
2011.10.10 01:15:21.199,1.44044,1.44107,1.50,1.43
2011.10.10 01:15:21.677,1.44046,1.44107,1.50,1.43
2011.10.10 01:15:23.069,1.44045,1.44098,1.50,1.43
2011.10.10 01:15:29.522,1.44046,1.44098,1.50,1.43
2011.10.10 01:15:30.180,1.44046,1.44098,1.50,1.43
2011.10.10 01:15:31.625,1.44039,1.44098,1.50,1.43
2011.10.10 01:15:39.457,1.44038,1.44098,1.50,1.43
2011.10.10 01:15:48.381,1.44041,1.44107,1.50,1.43
2011.10.10 01:15:54.969,1.44042,1.44107,2.25,1.43
2011.10.10 01:15:55.375,1.44048,1.44114,1.50,3.30
2011.10.10 01:15:55.738,1.44052,1.44114,1.50,1.43
2011.10.10 01:15:57.164,1.44052,1.44114,1.50,1.43
2011.10.10 01:15:57.735,1.4405,1.44113,1.50,1.50
2011.10.10 01:15:58.607,1.44042,1.44107,1.50,1.43
2011.10.10 01:15:58.738,1.44042,1.44104,1.50,2.63
2011.10.10 01:16:05.133,1.44044,1.44107,1.50,1.43
2011.10.10 01:16:05.482,1.44044,1.44107,1.50,1.43
2011.10.10 01:16:08.535,1.44044,1.44107,1.50,1.43
2011.10.10 01:16:08.668,1.44042,1.44104,1.50,1.50
2011.10.10 01:16:15.704,1.44035,1.44104,1.50,2.63
2011.10.10 01:16:15.824,1.44034,1.44099,1.50,1.43
2011.10.10 01:16:16.424,1.4403,1.44099,2.25,1.43
2011.10.10 01:16:24.197,1.44028,1.4409,1.50,1.43
2011.10.10 01:16:24.565,1.44028,1.4409,1.50,1.43
2011.10.10 01:16:24.808,1.44033,1.44098,1.50,1.43
2011.10.10 01:16:25.994,1.44035,1.44098,2.25,1.43
2011.10.10 01:16:26.116,1.44036,1.44098,1.50,1.43
2011.10.10 01:16:26.356,1.44038,1.44106,1.50,1.43
2011.10.10 01:16:32.844,1.44043,1.44106,1.50,1.43
2011.10.10 01:16:35.558,1.44042,1.44103,1.50,2.63
2011.10.10 01:16:38.591,1.44043,1.44104,1.50,2.63
2011.10.10 01:16:39.213,1.44043,1.44106,1.50,1.43
2011.10.10 01:16:40.423,1.44043,1.44106,1.50,1.43
2011.10.10 01:16:44.594,1.44041,1.44103,1.50,3.38
2011.10.10 01:16:48.433,1.44043,1.44103,1.50,3.38
2011.10.10 01:16:52.259,1.44042,1.44103,1.50,1.50
2011.10.10 01:16:52.856,1.44043,1.44106,1.50,1.43
2011.10.10 01:16:53.446,1.44042,1.44101,1.50,1.50
2011.10.10 01:16:53.702,1.44035,1.44098,1.50,1.43
2011.10.10 01:16:54.184,1.44035,1.44098,1.50,1.43
2011.10.10 01:16:54.758,1.44034,1.44093,1.50,2.63
2011.10.10 01:16:56.199,1.44035,1.44093,1.50,2.63
2011.10.10 01:16:56.793,1.44035,1.44098,1.50,1.43
2011.10.10 01:17:01.535,1.44035,1.44098,1.50,1.43
2011.10.10 01:17:03.026,1.44035,1.44098,1.50,1.43
2011.10.10 01:17:03.634,1.44035,1.44098,1.50,1.43
2011.10.10 01:17:04.208,1.44035,1.44098,1.50,1.43
2011.10.10 01:17:04.714,1.44037,1.44098,1.50,1.43
2011.10.10 01:17:14.462,1.44037,1.44097,1.50,1.50
2011.10.10 01:17:15.290,1.44036,1.44098,1.50,1.43
2011.10.10 01:17:15.875,1.44037,1.44098,1.50,1.43
2011.10.10 01:17:18.583,1.44037,1.44098,1.50,1.43
2011.10.10 01:17:18.812,1.44043,1.44104,1.50,2.63
2011.10.10 01:17:19.506,1.44043,1.44105,2.25,1.50
2011.10.10 01:17:19.634,1.44047,1.44105,1.50,1.50
2011.10.10 01:17:22.607,1.4406,1.44108,1.50,1.50
2011.10.10 01:17:22.739,1.44063,1.44113,1.50,1.88
2011.10.10 01:17:23.028,1.44067,1.44125,1.50,1.23
2011.10.10 01:17:23.275,1.4407,1.44135,1.43,1.50
2011.10.10 01:17:23.786,1.4407,1.44138,1.43,1.50
2011.10.10 01:17:26.181,1.44083,1.44142,1.50,1.50
2011.10.10 01:17:26.311,1.4408,1.44144,2.18,2.25
2011.10.10 01:17:26.824,1.4408,1.44147,1.50,1.50
2011.10.10 01:17:27.404,1.4408,1.44143,1.50,1.13
2011.10.10 01:17:27.523,1.4408,1.44143,1.50,1.88
2011.10.10 01:17:29.074,1.4408,1.44143,1.50,1.13
2011.10.10 01:17:30.105,1.44089,1.44144,1.43,1.50
2011.10.10 01:17:30.466,1.44089,1.44147,1.43,1.13
2011.10.10 01:17:35.264,1.44099,1.44146,1.43,1.13
2011.10.10 01:17:35.383,1.44099,1.44151,1.43,2.63
2011.10.10 01:17:36.638,1.44099,1.44151,1.43,1.88
2011.10.10 01:17:37.787,1.44087,1.44142,1.50,1.23
2011.10.10 01:17:37.914,1.44093,1.44145,1.50,1.23
2011.10.10 01:17:38.043,1.44097,1.44149,1.43,1.61
2011.10.10 01:17:38.168,1.4409,1.44142,1.43,1.23
2011.10.10 01:17:38.418,1.4409,1.4413,1.43,1.13
2011.10.10 01:17:38.547,1.44067,1.4413,1.50,1.13
2011.10.10 01:17:38.799,1.44061,1.4413,1.50,1.50
2011.10.10 01:17:39.048,1.4406,1.44127,1.50,1.43
2011.10.10 01:17:39.298,1.4406,1.4413,1.50,1.50
2011.10.10 01:18:02.385,1.44059,1.44136,1.50,1.43
2011.10.10 01:18:02.507,1.44059,1.44136,1.50,1.43
2011.10.10 01:18:04.665,1.44059,1.44131,1.50,1.50
2011.10.10 01:18:05.045,1.44061,1.44138,1.50,1.50
2011.10.10 01:18:10.518,1.44061,1.4413,1.50,1.50
2011.10.10 01:18:34.608,1.44051,1.44127,1.50,1.43
2011.10.10 01:18:39.264,1.44054,1.44125,1.50,1.50
2011.10.10 01:18:39.391,1.44055,1.44132,1.50,1.50
2011.10.10 01:18:43.843,1.44055,1.44124,1.50,1.43
2011.10.10 01:18:46.299,1.44052,1.44115,1.50,1.50
2011.10.10 01:18:46.426,1.44052,1.44115,1.50,1.50
2011.10.10 01:18:46.883,1.44053,1.44115,1.50,1.50
2011.10.10 01:18:47.978,1.44049,1.44115,1.50,1.50
2011.10.10 01:19:05.475,1.44044,1.44113,1.50,1.43
2011.10.10 01:19:08.026,1.44044,1.44113,1.50,1.43
2011.10.10 01:19:08.266,1.44041,1.44105,1.50,1.50
2011.10.10 01:19:09.589,1.44041,1.44105,1.50,1.13
2011.10.10 01:19:10.756,1.44034,1.44097,1.50,1.43
2011.10.10 01:19:11.373,1.44034,1.44097,1.50,1.43
2011.10.10 01:19:11.607,1.44026,1.44087,1.03,1.50
2011.10.10 01:19:11.740,1.44023,1.44078,1.03,1.43
2011.10.10 01:19:11.985,1.44013,1.44078,2.25,2.18
2011.10.10 01:19:13.227,1.44013,1.44078,1.50,1.43
2011.10.10 01:19:14.237,1.44011,1.44065,1.50,1.50
2011.10.10 01:19:16.663,1.44018,1.44072,1.22,1.13
2011.10.10 01:19:17.026,1.44014,1.44068,1.50,1.50
2011.10.10 01:19:18.234,1.44011,1.44071,1.50,2.18
2011.10.10 01:19:18.588,1.44008,1.44066,1.88,1.50
2011.10.10 01:19:19.165,1.44008,1.44071,1.88,1.43
2011.10.10 01:19:19.879,1.44017,1.44074,1.50,1.50
2011.10.10 01:19:21.504,1.44023,1.4408,1.03,1.43
2011.10.10 01:19:21.630,1.44026,1.44083,1.50,1.50
2011.10.10 01:19:22.115,1.44034,1.44088,1.50,1.50
2011.10.10 01:19:22.354,1.44039,1.44087,1.50,1.13
2011.10.10 01:19:24.109,1.44043,1.44092,1.50,1.50
2011.10.10 01:19:24.238,1.44045,1.44093,1.50,1.50
2011.10.10 01:19:25.436,1.44047,1.44094,1.50,1.50
2011.10.10 01:19:25.798,1.44051,1.441,1.50,2.25
2011.10.10 01:19:26.657,1.44053,1.441,1.50,1.50
2011.10.10 01:19:26.906,1.44053,1.441,1.50,2.25
2011.10.10 01:19:27.154,1.44053,1.441,1.50,1.50
2011.10.10 01:19:28.994,1.44064,1.441,1.50,1.50
2011.10.10 01:19:29.119,1.44069,1.44113,1.50,1.50
2011.10.10 01:19:29.245,1.44065,1.44119,1.50,1.88
2011.10.10 01:19:30.487,1.44065,1.44128,2.93,1.50
2011.10.10 01:19:30.734,1.44072,1.44137,1.43,1.61
2011.10.10 01:19:30.853,1.44072,1.44137,1.43,1.13
2011.10.10 01:19:33.496,1.44079,1.44148,1.43,1.50
2011.10.10 01:19:37.359,1.44089,1.44151,1.50,1.50
2011.10.10 01:19:37.484,1.44088,1.4416,2.18,1.50
2011.10.10 01:19:37.604,1.44095,1.4416,1.43,1.50
2011.10.10 01:19:39.046,1.44095,1.4416,1.43,2.25
2011.10.10 01:19:40.077,1.44104,1.44165,1.43,1.50
2011.10.10 01:19:40.208,1.44104,1.44167,1.43,2.25
2011.10.10 01:19:40.452,1.44104,1.44167,1.43,2.25
2011.10.10 01:19:43.019,1.44115,1.44167,1.50,1.50
2011.10.10 01:19:43.383,1.44121,1.44172,1.43,2.63
2011.10.10 01:19:44.435,1.44121,1.44169,1.43,1.50
2011.10.10 01:19:44.666,1.44113,1.44169,1.43,1.50
2011.10.10 01:19:46.867,1.44113,1.44165,1.43,1.50
2011.10.10 01:19:46.998,1.44101,1.44159,1.50,2.25
2011.10.10 01:19:47.128,1.44096,1.44151,1.50,1.50
2011.10.10 01:19:47.457,1.44103,1.44159,1.43,1.50
2011.10.10 01:19:47.587,1.44103,1.4416,1.43,1.13
2011.10.10 01:19:53.505,1.44103,1.44164,1.43,1.88
2011.10.10 01:19:53.623,1.44103,1.44164,1.43,1.88
2011.10.10 01:19:54.396,1.44103,1.44164,1.43,1.88
2011.10.10 01:19:54.783,1.44103,1.44155,1.43,1.50
2011.10.10 01:19:54.915,1.44097,1.44144,2.25,1.13
2011.10.10 01:19:55.159,1.441,1.44151,1.50,1.23
2011.10.10 01:19:55.288,1.44101,1.44158,2.18,1.50
2011.10.10 01:19:55.536,1.44101,1.44159,1.43,1.50
2011.10.10 01:19:55.665,1.44101,1.44154,2.18,1.50
2011.10.10 01:19:56.249,1.44101,1.4416,1.43,1.13
2011.10.10 01:19:56.379,1.44103,1.44161,1.50,1.13
2011.10.10 01:19:56.626,1.44103,1.44165,1.50,1.50
2011.10.10 01:19:59.029,1.44103,1.44164,1.50,1.50
2011.10.10 01:19:59.448,1.44108,1.44163,1.13,1.50
2011.10.10 01:19:59.816,1.44101,1.4416,1.43,1.13
2011.10.10 01:20:00.513,1.44101,1.4416,1.43,1.13
2011.10.10 01:20:00.636,1.44093,1.4416,2.18,1.88
2011.10.10 01:20:01.618,1.44093,1.44151,1.43,1.13
2011.10.10 01:20:03.266,1.44093,1.44152,1.43,1.13
2011.10.10 01:20:03.704,1.44085,1.44148,1.43,1.50
2011.10.10 01:20:04.636,1.44077,1.44133,1.50,1.13
2011.10.10 01:20:04.993,1.44077,1.44131,1.50,1.50
2011.10.10 01:20:07.387,1.44071,1.44128,1.50,1.50
2011.10.10 01:20:08.197,1.44077,1.44128,1.43,1.50
2011.10.10 01:20:08.326,1.44086,1.44133,1.50,2.63
2011.10.10 01:20:10.018,1.44089,1.44133,1.50,2.63
2011.10.10 01:20:10.146,1.4409,1.44133,1.50,2.63
2011.10.10 01:20:10.277,1.44096,1.44148,1.50,1.98
2011.10.10 01:20:10.405,1.44101,1.44148,1.43,1.98
2011.10.10 01:20:11.544,1.44094,1.44151,1.77,1.50
2011.10.10 01:20:12.135,1.44085,1.44148,1.50,1.50
2011.10.10 01:20:13.593,1.44083,1.44146,1.43,1.50
2011.10.10 01:20:14.048,1.44072,1.44134,2.18,1.50
2011.10.10 01:20:14.179,1.44072,1.44129,1.50,1.13
2011.10.10 01:20:14.368,1.44071,1.44124,1.50,1.50
2011.10.10 01:20:14.735,1.44074,1.44124,1.50,1.50
2011.10.10 01:20:15.379,1.44066,1.44116,1.50,1.50
2011.10.10 01:20:15.744,1.44056,1.44103,1.50,2.63
2011.10.10 01:20:15.983,1.44056,1.44101,1.50,1.43
2011.10.10 01:20:16.224,1.44056,1.44101,1.50,1.43
2011.10.10 01:20:17.483,1.44056,1.44101,1.50,1.43
2011.10.10 01:20:17.980,1.44056,1.44088,1.50,1.50
2011.10.10 01:20:18.231,1.44043,1.44079,1.03,1.50
2011.10.10 01:20:18.362,1.44036,1.44079,1.03,1.50
2011.10.10 01:20:18.486,1.44033,1.44079,1.50,1.50
2011.10.10 01:20:18.723,1.44033,1.44079,1.50,1.50
2011.10.10 01:20:19.486,1.44033,1.44084,1.50,2.63
2011.10.10 01:20:20.169,1.44037,1.44084,1.50,2.63
2011.10.10 01:20:20.526,1.44047,1.44084,1.50,1.88
2011.10.10 01:20:20.764,1.44048,1.44093,1.50,1.50
2011.10.10 01:20:21.114,1.44048,1.44094,2.25,1.88
2011.10.10 01:20:21.475,1.44048,1.44094,2.25,1.88
2011.10.10 01:20:21.814,1.44051,1.44094,1.50,1.88
2011.10.10 01:20:23.215,1.44051,1.44094,1.50,1.88
2011.10.10 01:20:23.675,1.44048,1.44094,1.50,2.63
2011.10.10 01:20:24.138,1.44048,1.44094,1.50,2.63
2011.10.10 01:20:29.335,1.44048,1.44094,1.50,2.63
2011.10.10 01:20:29.578,1.44029,1.4408,1.50,1.50
2011.10.10 01:20:29.925,1.44027,1.44089,1.50,1.50
2011.10.10 01:20:30.045,1.44029,1.44089,1.50,1.50
2011.10.10 01:20:32.055,1.44029,1.44084,1.50,1.13
2011.10.10 01:20:32.655,1.44029,1.44084,1.50,2.63
2011.10.10 01:20:34.328,1.44022,1.44082,2.59,1.50
2011.10.10 01:20:34.567,1.44022,1.44082,1.84,1.13
2011.10.10 01:20:34.803,1.44022,1.44081,1.09,1.13
2011.10.10 01:20:37.224,1.44022,1.44081,1.09,1.88
2011.10.10 01:20:37.592,1.44025,1.44094,1.50,1.50
2011.10.10 01:20:37.841,1.44036,1.44104,1.09,1.50
2011.10.10 01:20:38.206,1.4404,1.44113,1.50,1.23
2011.10.10 01:20:39.998,1.44059,1.4412,1.43,1.50
2011.10.10 01:20:40.334,1.44061,1.44124,1.43,2.25
2011.10.10 01:20:40.563,1.44054,1.44122,1.43,1.50
2011.10.10 01:20:41.125,1.44054,1.44124,1.43,1.50
2011.10.10 01:20:42.222,1.44049,1.44129,1.43,1.50
2011.10.10 01:20:42.352,1.44049,1.44124,1.43,1.50
2011.10.10 01:20:42.476,1.44049,1.44133,1.43,1.50
2011.10.10 01:20:44.215,1.44049,1.44133,1.43,1.50
2011.10.10 01:20:50.187,1.44049,1.44132,1.43,1.23
2011.10.10 01:20:50.320,1.44053,1.44127,1.43,1.50
2011.10.10 01:20:50.572,1.44053,1.44135,1.43,1.50
2011.10.10 01:20:50.947,1.44057,1.44131,1.43,1.50
2011.10.10 01:20:51.317,1.44048,1.4413,1.43,1.50
2011.10.10 01:21:01.374,1.44057,1.44124,1.43,1.50
2011.10.10 01:21:10.637,1.44048,1.44123,1.43,1.50
2011.10.10 01:21:17.279,1.44048,1.44123,1.43,1.50
2011.10.10 01:21:38.853,1.44048,1.44113,1.43,1.88
2011.10.10 01:21:39.417,1.44048,1.44112,1.43,1.88
2011.10.10 01:21:41.123,1.44048,1.44112,1.43,1.13
2011.10.10 01:21:41.860,1.4404,1.44112,1.43,1.88
2011.10.10 01:21:54.227,1.44048,1.44111,1.43,1.13
2011.10.10 01:22:00.226,1.44048,1.44115,1.43,1.50
2011.10.10 01:22:42.996,1.44048,1.44113,1.43,1.50
2011.10.10 01:22:54.786,1.44027,1.44118,2.63,1.88
2011.10.10 01:22:56.497,1.44032,1.44116,1.50,1.88
2011.10.10 01:22:56.726,1.44032,1.4412,1.50,1.50
2011.10.10 01:22:57.490,1.44027,1.44115,3.38,1.50
2011.10.10 01:22:57.812,1.44041,1.44108,1.43,1.13
2011.10.10 01:23:00.399,1.44033,1.44108,1.50,1.13
2011.10.10 01:23:06.655,1.44027,1.44102,1.50,2.18
2011.10.10 01:23:10.317,1.44033,1.44104,2.18,1.50
2011.10.10 01:23:12.736,1.4403,1.44097,1.50,1.50
2011.10.10 01:23:13.739,1.44032,1.44097,1.43,1.50
2011.10.10 01:23:14.851,1.4403,1.44097,1.50,1.50
2011.10.10 01:23:18.010,1.44023,1.44096,1.43,1.50
2011.10.10 01:23:18.281,1.44015,1.44095,1.43,1.88
2011.10.10 01:23:19.325,1.4402,1.44092,1.50,1.43
2011.10.10 01:23:34.648,1.44009,1.44084,1.50,1.43
2011.10.10 01:23:48.020,1.44007,1.44085,1.50,2.18
2011.10.10 01:23:59.605,1.44001,1.44076,1.50,1.50
2011.10.10 01:24:26.465,1.44007,1.44081,1.43,1.50
2011.10.10 01:24:40.174,1.44,1.44072,1.43,1.50
2011.10.10 01:24:53.457,1.44,1.44077,1.50,1.13
2011.10.10 01:24:53.804,1.44,1.44076,1.50,1.13
2011.10.10 01:24:54.398,1.44006,1.44075,1.43,1.13
2011.10.10 01:24:55.429,1.44001,1.44075,1.43,1.88
2011.10.10 01:24:57.665,1.44001,1.44071,1.43,1.88
2011.10.10 01:25:02.144,1.44001,1.44072,1.43,1.50
2011.10.10 01:25:18.204,1.44001,1.44071,1.43,1.88
2011.10.10 01:25:28.257,1.44001,1.44072,1.43,1.88
2011.10.10 01:25:40.451,1.44008,1.44072,1.43,1.13
2011.10.10 01:25:43.417,1.44008,1.44072,1.43,1.13
2011.10.10 01:25:44.737,1.44008,1.44072,1.43,1.13
2011.10.10 01:25:54.407,1.44006,1.44071,1.50,1.13
2011.10.10 01:25:54.637,1.4401,1.44076,1.43,2.25
2011.10.10 01:25:54.758,1.4401,1.44076,1.43,1.13
2011.10.10 01:26:03.745,1.44018,1.44075,1.43,1.13
2011.10.10 01:26:05.775,1.44018,1.44077,1.43,1.88
2011.10.10 01:26:08.227,1.44018,1.44082,1.43,1.13
2011.10.10 01:26:08.796,1.44018,1.44082,1.43,1.88
2011.10.10 01:26:09.611,1.44018,1.44084,1.43,1.50
2011.10.10 01:26:21.588,1.44018,1.44084,1.43,1.50
2011.10.10 01:26:28.471,1.44024,1.44088,1.43,1.13
2011.10.10 01:26:28.827,1.44024,1.44089,1.43,1.88
2011.10.10 01:26:30.717,1.44024,1.44089,1.43,1.88
2011.10.10 01:26:46.089,1.44024,1.44091,1.43,1.50
2011.10.10 01:26:46.209,1.44033,1.44092,1.43,1.88
2011.10.10 01:26:49.159,1.44033,1.44096,1.43,1.50
2011.10.10 01:26:49.281,1.44035,1.44099,1.43,1.50
2011.10.10 01:26:49.535,1.44042,1.44105,1.43,1.13
2011.10.10 01:26:50.148,1.4405,1.44109,1.43,1.13
2011.10.10 01:26:50.273,1.4405,1.4411,1.43,1.50
2011.10.10 01:26:52.160,1.4405,1.44115,1.43,2.25
2011.10.10 01:26:55.588,1.44051,1.44115,1.50,1.50
2011.10.10 01:27:00.250,1.44056,1.44115,1.50,1.50
2011.10.10 01:27:03.829,1.44058,1.44123,1.43,1.50
2011.10.10 01:27:04.413,1.44058,1.44123,1.43,2.25
2011.10.10 01:27:05.020,1.44058,1.44123,1.43,2.25
2011.10.10 01:27:05.396,1.44084,1.44128,2.18,1.50
2011.10.10 01:27:05.524,1.44071,1.44129,1.43,1.23
2011.10.10 01:27:06.009,1.44071,1.44137,1.43,2.25
2011.10.10 01:27:10.408,1.44071,1.44136,1.50,1.50
2011.10.10 01:27:23.334,1.44071,1.44136,1.43,1.13
2011.10.10 01:27:26.949,1.44078,1.44143,1.43,1.50
2011.10.10 01:27:29.339,1.44078,1.4414,1.43,1.50
2011.10.10 01:27:29.911,1.44078,1.44137,1.43,1.13
2011.10.10 01:27:30.049,1.44078,1.44142,1.43,1.50
2011.10.10 01:27:30.180,1.44078,1.44143,1.43,1.88
2011.10.10 01:27:30.542,1.44085,1.4415,1.43,1.88
2011.10.10 01:27:30.911,1.44085,1.44145,1.43,1.13
2011.10.10 01:27:31.278,1.44095,1.4415,1.50,1.13
2011.10.10 01:27:31.812,1.44095,1.4415,1.50,1.13
2011.10.10 01:27:38.828,1.44093,1.44156,1.43,1.50
2011.10.10 01:27:43.309,1.44093,1.44146,1.43,1.50
2011.10.10 01:27:43.677,1.44093,1.44146,1.43,1.88
2011.10.10 01:27:43.906,1.44084,1.44146,1.43,1.88
2011.10.10 01:27:45.919,1.44084,1.44146,1.43,1.88
2011.10.10 01:27:46.989,1.44087,1.44141,1.50,1.50
2011.10.10 01:27:47.343,1.44086,1.44146,1.50,1.13
2011.10.10 01:27:52.351,1.44086,1.4414,2.25,1.50
2011.10.10 01:27:52.478,1.44087,1.44139,1.50,1.23
2011.10.10 01:27:52.948,1.44083,1.44132,1.50,1.50
2011.10.10 01:27:53.066,1.44082,1.44132,2.25,1.50
2011.10.10 01:27:54.007,1.44083,1.44132,1.50,1.50
2011.10.10 01:27:57.977,1.44084,1.44132,1.50,1.50
2011.10.10 01:27:58.629,1.44082,1.44132,1.50,1.50
2011.10.10 01:27:58.979,1.44075,1.44122,1.50,1.50
2011.10.10 01:28:01.077,1.44073,1.44123,1.50,1.88
2011.10.10 01:28:01.387,1.44073,1.44117,1.50,1.13
2011.10.10 01:28:01.513,1.44073,1.44117,1.50,1.13
2011.10.10 01:28:05.138,1.44068,1.44116,1.50,1.50
2011.10.10 01:28:05.386,1.44073,1.44116,1.50,1.50
2011.10.10 01:28:05.629,1.44067,1.44116,2.63,1.50
2011.10.10 01:28:05.871,1.44067,1.44116,2.63,1.50
2011.10.10 01:28:06.317,1.44067,1.44116,2.63,1.50
2011.10.10 01:28:06.561,1.44067,1.44116,2.63,1.50
2011.10.10 01:28:06.689,1.44067,1.44116,2.63,1.50
2011.10.10 01:28:07.107,1.44067,1.44116,2.63,1.50
2011.10.10 01:28:07.551,1.44067,1.44116,2.63,1.50
2011.10.10 01:28:09.726,1.44076,1.44116,1.88,1.50
2011.10.10 01:28:10.301,1.44076,1.44121,1.88,1.13
2011.10.10 01:28:10.540,1.44072,1.44121,1.50,1.13
2011.10.10 01:28:10.767,1.44072,1.44121,2.25,1.13
2011.10.10 01:28:10.902,1.44072,1.44121,2.25,1.13
2011.10.10 01:28:11.292,1.44072,1.44121,1.50,1.13
2011.10.10 01:28:11.998,1.44071,1.44121,1.50,1.13
2011.10.10 01:28:12.469,1.44065,1.44111,1.09,1.13
2011.10.10 01:28:12.810,1.44065,1.4411,1.09,1.13
2011.10.10 01:28:13.417,1.44063,1.4411,1.50,1.13
2011.10.10 01:28:13.646,1.44057,1.4411,1.50,1.13
2011.10.10 01:28:14.407,1.44057,1.4411,1.50,1.13
2011.10.10 01:28:18.612,1.44057,1.4411,1.50,1.88
2011.10.10 01:28:18.962,1.44056,1.44109,2.63,1.50
2011.10.10 01:28:19.210,1.44055,1.44105,1.50,1.13
2011.10.10 01:28:19.342,1.44052,1.44104,2.25,1.88
2011.10.10 01:28:20.030,1.44051,1.44104,2.25,2.63
2011.10.10 01:28:20.389,1.4406,1.44102,1.50,1.88
2011.10.10 01:28:20.746,1.44065,1.4411,1.50,1.88
2011.10.10 01:28:21.086,1.44065,1.4411,1.50,1.88
2011.10.10 01:28:21.668,1.4407,1.44113,1.50,1.88
2011.10.10 01:28:21.789,1.44071,1.44113,1.50,1.13
2011.10.10 01:28:21.911,1.44071,1.44114,1.50,1.13
2011.10.10 01:28:22.267,1.4407,1.44116,1.43,1.13
2011.10.10 01:28:22.497,1.44069,1.44115,1.50,1.50
2011.10.10 01:28:23.107,1.44066,1.44116,2.63,1.88
2011.10.10 01:28:23.349,1.44068,1.44116,1.50,1.88
2011.10.10 01:28:29.268,1.44069,1.44113,1.50,1.50
2011.10.10 01:28:29.511,1.44068,1.44114,1.50,1.88
2011.10.10 01:28:30.065,1.44068,1.44114,1.50,1.88
2011.10.10 01:28:34.385,1.44072,1.44114,1.50,1.88
2011.10.10 01:28:34.734,1.44067,1.44113,1.50,1.50
2011.10.10 01:28:35.101,1.44067,1.44113,1.50,1.50
2011.10.10 01:28:35.338,1.4407,1.44113,1.50,1.50
2011.10.10 01:28:35.801,1.44067,1.44114,1.50,1.88
2011.10.10 01:28:37.352,1.44068,1.44116,1.50,1.13
2011.10.10 01:28:37.478,1.44068,1.44117,1.50,1.13
2011.10.10 01:28:37.598,1.44069,1.44116,1.43,1.50
2011.10.10 01:28:37.837,1.44068,1.44116,1.50,1.50
2011.10.10 01:28:39.745,1.44068,1.44115,1.50,1.13
2011.10.10 01:28:40.204,1.44069,1.44115,1.50,1.88
2011.10.10 01:28:40.677,1.44066,1.44104,1.50,1.50
2011.10.10 01:28:47.215,1.44063,1.44105,1.50,1.88
2011.10.10 01:28:48.107,1.44066,1.44105,1.50,1.13
2011.10.10 01:28:48.240,1.44066,1.44111,3.38,1.88
2011.10.10 01:28:48.597,1.44071,1.44111,1.50,1.88
2011.10.10 01:28:49.812,1.44073,1.44116,1.50,1.13
2011.10.10 01:28:50.059,1.44073,1.44117,1.50,1.50
2011.10.10 01:28:50.193,1.44077,1.44118,1.50,2.25
2011.10.10 01:28:50.912,1.44072,1.44117,1.50,2.25
2011.10.10 01:28:51.341,1.44073,1.44117,1.50,2.25
2011.10.10 01:28:55.072,1.44077,1.44117,1.50,2.25
2011.10.10 01:28:55.699,1.44073,1.44117,1.50,2.25
2011.10.10 01:28:56.082,1.44077,1.44108,2.63,1.50
2011.10.10 01:28:56.451,1.44077,1.44108,3.38,1.13
2011.10.10 01:28:56.582,1.44077,1.44115,1.50,1.88
2011.10.10 01:28:58.410,1.44073,1.44115,1.50,1.88
2011.10.10 01:28:58.541,1.44076,1.44119,3.38,1.13
2011.10.10 01:28:58.670,1.44076,1.44119,3.38,1.13
2011.10.10 01:28:58.800,1.4408,1.44119,1.50,1.13
2011.10.10 01:28:59.254,1.44077,1.44119,1.50,1.88
2011.10.10 01:28:59.384,1.44079,1.44119,1.50,1.13
2011.10.10 01:29:00.729,1.44079,1.44119,1.50,1.88
2011.10.10 01:29:01.871,1.44086,1.44123,2.63,1.88
2011.10.10 01:29:02.471,1.44086,1.44121,2.63,1.13
2011.10.10 01:29:02.685,1.44086,1.4412,2.63,1.13
2011.10.10 01:29:02.814,1.44086,1.4412,2.63,1.88
2011.10.10 01:29:03.822,1.44087,1.4412,1.50,1.13
2011.10.10 01:29:07.230,1.44086,1.4412,1.50,1.13
2011.10.10 01:29:07.371,1.44086,1.44126,1.50,1.50
2011.10.10 01:29:07.622,1.44086,1.44127,1.50,1.88
2011.10.10 01:29:08.213,1.44082,1.44126,1.50,1.50
2011.10.10 01:29:08.812,1.44087,1.44124,1.50,1.13
2011.10.10 01:29:10.638,1.44086,1.44124,1.50,1.13
2011.10.10 01:29:11.410,1.44082,1.44124,1.50,1.88
2011.10.10 01:29:11.540,1.44084,1.44124,1.50,1.88
2011.10.10 01:29:11.673,1.44082,1.44124,1.50,1.13
2011.10.10 01:29:11.799,1.4408,1.44124,1.50,1.13
2011.10.10 01:29:12.279,1.4408,1.44124,1.50,1.13
2011.10.10 01:29:12.412,1.44088,1.44124,1.50,1.88
2011.10.10 01:29:12.890,1.44082,1.44124,1.50,1.88
2011.10.10 01:29:13.557,1.44082,1.44124,1.50,1.88
2011.10.10 01:29:13.685,1.44083,1.44124,1.50,1.13
2011.10.10 01:29:13.936,1.44091,1.44138,2.25,1.23
2011.10.10 01:29:14.065,1.44097,1.44137,1.88,1.23
2011.10.10 01:29:14.193,1.44091,1.44129,1.50,1.88
2011.10.10 01:29:14.565,1.44068,1.44104,1.03,1.13
2011.10.10 01:29:14.931,1.44058,1.44099,1.50,1.13
2011.10.10 01:29:15.183,1.44058,1.44098,1.50,1.50
2011.10.10 01:29:15.313,1.44051,1.44097,1.50,1.50
2011.10.10 01:29:15.787,1.44051,1.44097,1.50,1.50
2011.10.10 01:29:16.260,1.44051,1.44089,1.50,1.50
2011.10.10 01:29:16.512,1.44048,1.44088,1.50,1.13
2011.10.10 01:29:17.028,1.44048,1.44089,1.50,1.50
2011.10.10 01:29:17.727,1.44048,1.44089,1.50,1.50
2011.10.10 01:29:17.860,1.44042,1.44089,1.50,1.50
2011.10.10 01:29:18.371,1.44041,1.44085,1.50,1.13
2011.10.10 01:29:18.498,1.4404,1.44083,1.50,1.13
2011.10.10 01:29:18.730,1.44041,1.44082,1.50,1.50
2011.10.10 01:29:19.443,1.44041,1.44083,2.25,1.88
2011.10.10 01:29:19.802,1.44041,1.44083,2.25,1.88
2011.10.10 01:29:20.858,1.44043,1.44089,1.50,1.88
2011.10.10 01:29:21.247,1.44042,1.44089,1.50,2.63
2011.10.10 01:29:21.495,1.44037,1.44084,4.13,1.88
2011.10.10 01:29:21.617,1.44042,1.44084,1.50,1.88
2011.10.10 01:29:21.976,1.44042,1.44086,1.50,1.88
2011.10.10 01:29:22.320,1.44042,1.44086,1.50,1.88
2011.10.10 01:29:22.557,1.44037,1.44086,3.38,1.88
2011.10.10 01:29:22.801,1.44037,1.44086,3.38,1.13
2011.10.10 01:29:22.934,1.44037,1.4408,3.38,1.50
2011.10.10 01:29:23.065,1.44031,1.44079,1.50,1.50
2011.10.10 01:29:23.191,1.44025,1.44074,1.50,1.50
2011.10.10 01:29:23.324,1.44025,1.44071,1.50,1.50
2011.10.10 01:29:23.725,1.4402,1.4406,1.50,1.50
2011.10.10 01:29:24.089,1.4403,1.44067,1.50,2.25
2011.10.10 01:29:24.208,1.44036,1.44067,1.50,1.50
2011.10.10 01:29:24.659,1.44036,1.44075,1.50,1.50
2011.10.10 01:29:25.311,1.44029,1.44075,1.50,1.50
2011.10.10 01:29:25.923,1.44032,1.44079,1.43,1.50
2011.10.10 01:29:26.048,1.44033,1.44088,1.50,1.13
2011.10.10 01:29:26.587,1.44033,1.44084,1.50,1.13
2011.10.10 01:29:27.078,1.44033,1.4409,1.50,1.13
2011.10.10 01:29:27.199,1.44033,1.4409,1.50,1.50
2011.10.10 01:29:27.562,1.4404,1.44084,1.43,1.13
2011.10.10 01:29:28.017,1.4404,1.44091,1.43,1.13
2011.10.10 01:29:28.259,1.44039,1.44073,1.50,1.13
2011.10.10 01:29:28.393,1.44034,1.44081,1.13,1.09
2011.10.10 01:29:28.522,1.4404,1.4408,1.50,1.09
2011.10.10 01:29:28.650,1.4404,1.44074,1.50,1.13
2011.10.10 01:29:28.873,1.44034,1.44074,1.13,1.13
2011.10.10 01:29:29.002,1.44034,1.4408,1.80,1.13
2011.10.10 01:29:29.252,1.44034,1.44087,1.43,1.13
2011.10.10 01:29:29.839,1.44034,1.44087,1.43,1.13
2011.10.10 01:29:34.086,1.44039,1.44094,2.25,1.88
2011.10.10 01:29:34.318,1.44043,1.44094,1.43,1.13
2011.10.10 01:29:34.668,1.44052,1.44095,1.43,1.13
2011.10.10 01:29:36.027,1.44044,1.44095,1.43,1.13
2011.10.10 01:29:37.374,1.44044,1.44095,1.43,1.13
2011.10.10 01:29:40.311,1.44044,1.44095,1.43,1.13
2011.10.10 01:29:40.913,1.44044,1.44095,1.43,1.13
2011.10.10 01:29:41.484,1.44044,1.44095,1.43,1.13
2011.10.10 01:29:42.023,1.44049,1.44095,1.50,1.13
2011.10.10 01:29:43.093,1.44049,1.44094,1.50,1.13
2011.10.10 01:29:43.580,1.44048,1.44092,1.50,1.88
2011.10.10 01:29:51.542,1.4405,1.44092,1.50,1.13
2011.10.10 01:29:52.256,1.44051,1.44092,1.50,1.13
2011.10.10 01:29:52.807,1.44055,1.44092,1.50,1.13
2011.10.10 01:29:53.150,1.44057,1.44092,1.50,1.88
2011.10.10 01:29:53.388,1.44053,1.44092,1.50,1.13
2011.10.10 01:29:53.889,1.44057,1.44095,1.50,1.50
2011.10.10 01:29:55.031,1.44057,1.44101,1.50,1.13
2011.10.10 01:29:55.163,1.44065,1.44101,1.50,1.13
2011.10.10 01:29:55.295,1.44064,1.441,1.50,1.13
2011.10.10 01:29:55.603,1.44065,1.44101,1.50,1.13
2011.10.10 01:29:55.731,1.44063,1.44101,1.50,1.13
2011.10.10 01:29:55.983,1.44065,1.44101,1.50,1.13
2011.10.10 01:29:57.247,1.44053,1.44101,1.50,1.13
2011.10.10 01:29:57.908,1.44056,1.44099,1.50,1.13
2011.10.10 01:29:58.627,1.44052,1.44099,2.18,1.13
2011.10.10 01:29:58.750,1.44052,1.44099,1.50,1.13
2011.10.10 01:29:59.286,1.44057,1.44093,1.50,2.63
2011.10.10 01:29:59.409,1.44052,1.44093,1.50,2.63
2011.10.10 01:29:59.534,1.44051,1.44093,1.50,2.63
2011.10.10 01:30:00.581,1.44049,1.44092,1.50,1.50
2011.10.10 01:30:01.261,1.44047,1.44091,1.50,1.50
2011.10.10 01:30:01.389,1.44056,1.44091,1.50,1.50
2011.10.10 01:30:01.752,1.44044,1.44103,1.43,2.22
2011.10.10 01:30:01.879,1.44044,1.44103,1.43,1.09
2011.10.10 01:30:02.009,1.4405,1.44103,1.50,1.09
2011.10.10 01:30:02.242,1.4405,1.44103,1.50,1.09
2011.10.10 01:30:02.499,1.44051,1.44103,1.43,1.09
2011.10.10 01:30:02.739,1.44051,1.44116,1.43,1.50
2011.10.10 01:30:02.867,1.44051,1.44116,1.43,1.50
2011.10.10 01:30:03.100,1.44054,1.44116,1.50,1.50
2011.10.10 01:30:03.227,1.4406,1.44117,1.43,1.13
2011.10.10 01:30:04.161,1.4406,1.44123,1.43,1.88
2011.10.10 01:30:04.287,1.44051,1.44115,1.50,1.50
2011.10.10 01:30:05.301,1.4405,1.44115,2.18,1.50
2011.10.10 01:30:05.946,1.4405,1.44115,1.43,1.50
2011.10.10 01:30:06.308,1.4405,1.44115,1.43,1.50
2011.10.10 01:30:13.096,1.4405,1.44115,1.43,1.50
2011.10.10 01:30:18.421,1.44051,1.44106,1.50,1.50
2011.10.10 01:30:18.554,1.44053,1.44104,1.50,1.13
2011.10.10 01:30:19.784,1.4405,1.44104,1.50,1.88
2011.10.10 01:30:20.387,1.44053,1.44104,1.50,1.13
2011.10.10 01:30:21.303,1.44055,1.44104,1.50,1.13
2011.10.10 01:30:22.375,1.44054,1.44104,1.50,1.88
2011.10.10 01:30:27.367,1.44056,1.44096,1.50,1.13
2011.10.10 01:30:29.967,1.44056,1.44097,1.50,1.13
2011.10.10 01:30:30.327,1.44055,1.44097,1.50,1.13
2011.10.10 01:30:32.248,1.44052,1.44096,1.50,1.13
2011.10.10 01:30:32.939,1.44054,1.44097,1.50,1.13
2011.10.10 01:30:33.657,1.44048,1.44094,1.50,1.09
2011.10.10 01:30:33.781,1.44048,1.44094,1.50,1.09
2011.10.10 01:30:34.028,1.44048,1.44094,1.50,1.09
2011.10.10 01:30:34.830,1.44048,1.44094,1.50,1.09
2011.10.10 01:30:35.081,1.44048,1.44094,1.50,1.09
2011.10.10 01:30:35.670,1.44048,1.44094,1.50,1.09
2011.10.10 01:30:36.027,1.44048,1.44094,1.50,1.09
2011.10.10 01:30:37.937,1.44045,1.44086,1.50,1.13
2011.10.10 01:30:38.181,1.44039,1.44086,1.50,1.13
2011.10.10 01:30:38.419,1.44039,1.44086,1.50,1.13
2011.10.10 01:30:39.439,1.44039,1.44085,2.25,1.13
2011.10.10 01:30:40.037,1.44039,1.44085,2.25,1.13
2011.10.10 01:30:41.328,1.44046,1.44085,1.50,1.13
2011.10.10 01:30:42.049,1.44045,1.44085,1.50,1.13
2011.10.10 01:30:44.718,1.44047,1.44085,1.50,1.13
2011.10.10 01:30:44.957,1.44048,1.44086,1.50,1.13
2011.10.10 01:30:45.708,1.44048,1.44089,1.50,1.13
2011.10.10 01:30:45.937,1.44048,1.44087,1.50,1.13
2011.10.10 01:30:47.273,1.4404,1.44085,1.50,1.13
2011.10.10 01:30:47.814,1.44032,1.44082,1.50,1.13
2011.10.10 01:30:47.941,1.44032,1.44082,1.50,1.13
2011.10.10 01:30:49.209,1.44037,1.44082,1.50,1.50
2011.10.10 01:30:49.729,1.44037,1.44082,1.50,1.50
2011.10.10 01:30:50.453,1.4404,1.44082,1.50,1.50
2011.10.10 01:30:51.197,1.44032,1.44082,1.50,2.25
2011.10.10 01:30:51.332,1.44019,1.44076,1.43,1.09
2011.10.10 01:30:52.689,1.44019,1.44076,1.43,1.09
2011.10.10 01:30:53.050,1.44019,1.44076,1.43,1.09
2011.10.10 01:30:55.357,1.44019,1.44076,1.43,1.09
2011.10.10 01:30:56.631,1.44019,1.44075,1.43,1.50
2011.10.10 01:30:57.810,1.44019,1.44075,1.43,1.50
2011.10.10 01:30:58.592,1.4401,1.44073,1.43,1.50
2011.10.10 01:30:59.079,1.4401,1.4407,1.43,1.88
2011.10.10 01:30:59.660,1.44006,1.44065,1.13,1.50
2011.10.10 01:31:00.254,1.44006,1.44065,1.13,1.50
2011.10.10 01:31:01.170,1.44011,1.44065,1.13,1.50
2011.10.10 01:31:01.300,1.44011,1.44067,1.13,1.13
2011.10.10 01:31:01.818,1.44011,1.44067,1.88,1.13
2011.10.10 01:31:01.945,1.44011,1.44067,1.13,1.13
2011.10.10 01:31:02.191,1.44015,1.44067,1.13,1.13
2011.10.10 01:31:02.564,1.44019,1.44077,1.43,1.50
2011.10.10 01:31:02.692,1.44019,1.44077,1.43,1.50
2011.10.10 01:31:02.825,1.44015,1.44078,1.13,1.50
2011.10.10 01:31:03.070,1.44023,1.44083,1.13,1.50
2011.10.10 01:31:03.434,1.44023,1.44084,1.13,2.25
2011.10.10 01:31:03.563,1.44023,1.44084,1.13,1.50
2011.10.10 01:31:04.348,1.44023,1.44084,1.13,1.50
2011.10.10 01:31:07.143,1.44019,1.44084,1.43,1.50
2011.10.10 01:31:08.359,1.44017,1.44079,2.63,1.50
2011.10.10 01:31:10.440,1.44013,1.44075,1.13,1.50
2011.10.10 01:31:11.054,1.44013,1.44073,1.13,1.50
2011.10.10 01:31:12.770,1.44012,1.44076,1.43,1.50
2011.10.10 01:31:16.459,1.4402,1.4408,1.43,1.50
2011.10.10 01:31:19.127,1.4402,1.4409,1.43,1.50
2011.10.10 01:31:19.250,1.44029,1.44091,1.43,1.50
2011.10.10 01:31:19.608,1.44021,1.44077,1.43,1.50
2011.10.10 01:31:22.790,1.44028,1.44084,1.43,1.50
2011.10.10 01:31:23.259,1.44028,1.4409,1.43,1.50
2011.10.10 01:31:23.381,1.44028,1.4409,1.43,1.50
2011.10.10 01:31:24.550,1.44028,1.44093,1.43,1.50
2011.10.10 01:31:24.919,1.44039,1.44096,1.43,1.50
2011.10.10 01:31:25.257,1.44039,1.44096,1.43,1.50
2011.10.10 01:31:25.608,1.4403,1.44091,1.43,1.13
2011.10.10 01:31:25.727,1.4403,1.44091,1.43,1.13
2011.10.10 01:31:30.034,1.44022,1.44082,1.43,1.09
2011.10.10 01:31:30.162,1.44022,1.44079,2.18,1.13
2011.10.10 01:31:30.792,1.44022,1.44077,1.50,1.50
2011.10.10 01:31:34.107,1.44021,1.44076,1.50,1.13
2011.10.10 01:31:39.389,1.44032,1.44077,1.43,1.84
2011.10.10 01:31:39.506,1.44032,1.44077,1.43,1.47
2011.10.10 01:31:40.518,1.44032,1.4408,1.43,1.13
2011.10.10 01:31:41.030,1.44045,1.44083,1.50,1.50
2011.10.10 01:31:41.399,1.44045,1.44092,1.50,1.13
2011.10.10 01:31:41.907,1.44032,1.44092,1.43,1.13
2011.10.10 01:31:42.041,1.44032,1.44092,1.43,1.13
2011.10.10 01:31:42.612,1.44032,1.44092,1.43,1.13
2011.10.10 01:31:44.339,1.44023,1.44084,2.18,1.50
2011.10.10 01:31:45.405,1.44023,1.4408,2.18,1.13
2011.10.10 01:31:51.140,1.44023,1.4408,1.43,1.13
2011.10.10 01:31:57.969,1.44023,1.44078,2.18,1.13
2011.10.10 01:31:58.459,1.44023,1.44075,1.50,1.09
2011.10.10 01:31:58.689,1.44019,1.44075,1.50,1.09
2011.10.10 01:32:00.038,1.44028,1.44079,1.50,2.25
2011.10.10 01:32:00.159,1.44028,1.44079,1.50,1.50
2011.10.10 01:32:00.288,1.44028,1.44085,1.50,1.50
2011.10.10 01:32:00.926,1.44042,1.44092,1.43,1.50
2011.10.10 01:32:02.908,1.44042,1.44107,1.43,1.50
2011.10.10 01:32:03.027,1.44042,1.44113,1.43,1.50
2011.10.10 01:32:05.040,1.44042,1.44107,1.43,1.50
2011.10.10 01:32:05.278,1.44034,1.44106,1.43,1.50
2011.10.10 01:32:10.278,1.44042,1.44107,1.43,1.50
2011.10.10 01:32:10.397,1.44042,1.44109,1.43,1.50
2011.10.10 01:32:36.478,1.44042,1.44107,1.43,1.50
2011.10.10 01:32:40.038,1.44042,1.44112,1.43,1.50
2011.10.10 01:32:46.441,1.44063,1.44117,1.50,1.50
2011.10.10 01:32:46.810,1.44075,1.44125,1.50,1.50
2011.10.10 01:32:47.760,1.44073,1.44128,1.50,1.50
2011.10.10 01:32:47.888,1.44076,1.44126,1.43,1.50
2011.10.10 01:32:48.008,1.44076,1.44126,1.43,1.50
2011.10.10 01:32:48.129,1.44076,1.44126,1.43,1.50
2011.10.10 01:32:48.362,1.44076,1.44126,1.43,1.50
2011.10.10 01:32:49.306,1.44076,1.44139,1.43,1.23
2011.10.10 01:33:04.334,1.4407,1.4413,1.43,1.50
2011.10.10 01:33:21.812,1.44074,1.44123,1.50,1.50
2011.10.10 01:33:21.940,1.44072,1.44125,1.50,1.50
2011.10.10 01:33:22.075,1.44071,1.44126,1.50,1.50
2011.10.10 01:33:22.691,1.44081,1.44132,1.50,1.50
2011.10.10 01:33:22.829,1.44081,1.44135,1.50,1.50
2011.10.10 01:33:22.953,1.44085,1.44141,1.50,1.50
2011.10.10 01:33:23.408,1.44085,1.44141,1.50,1.50
2011.10.10 01:33:24.010,1.44089,1.44141,1.50,1.50
2011.10.10 01:33:24.377,1.44089,1.44132,1.50,1.50
2011.10.10 01:33:26.230,1.44089,1.44132,1.50,1.50
2011.10.10 01:33:29.698,1.44086,1.44132,1.50,1.50
2011.10.10 01:33:30.062,1.44086,1.44141,1.50,1.50
2011.10.10 01:33:30.311,1.4409,1.44148,1.13,1.50
2011.10.10 01:33:30.562,1.4409,1.4415,1.50,1.50
2011.10.10 01:33:33.128,1.44091,1.44149,1.50,1.50
2011.10.10 01:33:35.251,1.44094,1.44152,1.50,1.50
2011.10.10 01:33:35.381,1.44094,1.4415,1.50,1.50
2011.10.10 01:33:35.619,1.44094,1.4415,1.50,1.50
2011.10.10 01:33:38.083,1.44094,1.4415,1.50,1.50
2011.10.10 01:33:42.030,1.441,1.44149,1.50,1.50
2011.10.10 01:33:42.283,1.441,1.4415,1.50,1.50
2011.10.10 01:33:42.531,1.44093,1.44152,1.03,1.50
2011.10.10 01:33:42.871,1.44089,1.44158,1.43,1.50
2011.10.10 01:33:43.242,1.44102,1.44159,1.50,1.50
2011.10.10 01:33:44.858,1.44098,1.44159,1.50,1.50
2011.10.10 01:33:45.943,1.44098,1.44159,1.50,2.25
2011.10.10 01:33:46.358,1.44096,1.44151,1.50,1.50
2011.10.10 01:33:51.862,1.44096,1.44146,1.50,1.50
2011.10.10 01:33:52.235,1.44096,1.44148,1.50,1.50
2011.10.10 01:33:52.903,1.44103,1.44157,1.50,1.50
2011.10.10 01:33:53.151,1.44103,1.44157,1.50,1.50
2011.10.10 01:33:54.549,1.44102,1.44155,1.50,1.50
2011.10.10 01:33:55.333,1.44103,1.44155,1.50,1.50
2011.10.10 01:33:56.157,1.44096,1.44154,1.50,1.50
2011.10.10 01:33:56.387,1.44096,1.44148,1.50,1.50
2011.10.10 01:33:58.757,1.44096,1.44151,1.50,1.50
2011.10.10 01:34:00.742,1.44096,1.44146,1.50,1.50
2011.10.10 01:34:01.229,1.44092,1.4414,1.03,1.50
2011.10.10 01:34:05.776,1.44083,1.44138,1.13,1.50
2011.10.10 01:34:19.469,1.44083,1.44132,1.13,1.50
2011.10.10 01:34:19.591,1.44081,1.44132,1.13,1.50
2011.10.10 01:34:26.756,1.44082,1.4413,1.13,1.50
2011.10.10 01:34:30.409,1.44082,1.4413,1.13,1.50
2011.10.10 01:34:35.686,1.44083,1.4413,1.13,1.50
2011.10.10 01:34:37.669,1.44082,1.4413,1.13,1.50
2011.10.10 01:34:39.876,1.44083,1.4413,1.13,1.50
2011.10.10 01:34:45.310,1.4408,1.4413,1.13,1.50
2011.10.10 01:34:51.250,1.4408,1.4413,1.13,1.50
2011.10.10 01:34:51.379,1.4408,1.4413,1.13,1.50
2011.10.10 01:34:53.305,1.4408,1.4413,1.13,1.50
2011.10.10 01:34:53.639,1.4408,1.44124,1.13,1.23
2011.10.10 01:34:53.765,1.4408,1.44124,1.13,1.23
2011.10.10 01:34:54.133,1.44076,1.44121,1.03,1.50
2011.10.10 01:34:54.261,1.44076,1.44121,1.40,1.50
2011.10.10 01:34:55.832,1.44072,1.44114,1.50,1.50
2011.10.10 01:34:56.068,1.44063,1.44114,1.88,1.50
2011.10.10 01:34:58.062,1.44063,1.44113,1.50,1.50
2011.10.10 01:34:58.667,1.44071,1.44121,1.50,2.25
2011.10.10 01:35:01.278,1.44071,1.4412,1.50,1.50
2011.10.10 01:35:02.830,1.44071,1.44115,1.50,1.50
2011.10.10 01:35:03.080,1.44063,1.44113,1.50,1.50
2011.10.10 01:35:03.451,1.44063,1.44113,1.50,1.50
2011.10.10 01:35:05.399,1.44071,1.4412,1.50,1.50
2011.10.10 01:35:05.643,1.44071,1.4412,1.50,1.50
2011.10.10 01:35:10.658,1.44071,1.44121,1.50,1.50
2011.10.10 01:35:10.900,1.44072,1.44121,1.50,1.50
2011.10.10 01:35:12.508,1.44072,1.44121,1.50,1.50
2011.10.10 01:35:14.655,1.44072,1.44121,1.50,1.50
2011.10.10 01:35:15.132,1.44071,1.44121,2.25,1.50
2011.10.10 01:35:16.195,1.44071,1.44121,1.50,1.50
2011.10.10 01:35:16.325,1.44071,1.44132,1.50,2.73
2011.10.10 01:35:16.452,1.44072,1.44132,1.50,2.73
2011.10.10 01:35:18.398,1.44075,1.44134,1.43,1.50
2011.10.10 01:35:18.772,1.44075,1.44133,1.43,1.50
2011.10.10 01:35:19.130,1.44076,1.44139,1.50,1.50
2011.10.10 01:35:20.584,1.44076,1.44131,1.50,1.50
2011.10.10 01:35:20.715,1.44078,1.44131,1.50,1.50
2011.10.10 01:35:21.067,1.44078,1.44131,1.50,1.50
2011.10.10 01:35:21.803,1.44078,1.44131,1.50,1.50
2011.10.10 01:35:22.208,1.44079,1.44131,1.50,1.50
2011.10.10 01:35:23.621,1.44081,1.44131,1.50,1.50
2011.10.10 01:35:24.192,1.4408,1.44131,1.50,1.50
2011.10.10 01:35:29.959,1.44075,1.44131,1.78,1.50
2011.10.10 01:35:30.388,1.44076,1.44131,1.03,1.50
2011.10.10 01:35:35.877,1.44076,1.44139,1.43,2.25
2011.10.10 01:35:36.250,1.44077,1.44139,2.63,2.25
2011.10.10 01:35:37.771,1.44076,1.44136,1.43,1.50
2011.10.10 01:35:42.512,1.44076,1.44132,1.43,1.88
2011.10.10 01:35:43.091,1.44097,1.44135,1.88,1.88
2011.10.10 01:35:43.340,1.44097,1.44135,1.03,1.88
2011.10.10 01:35:43.473,1.44101,1.44136,1.13,1.88
2011.10.10 01:35:43.726,1.44095,1.44135,1.03,1.50
2011.10.10 01:35:43.851,1.44093,1.44135,1.03,1.13
2011.10.10 01:35:43.980,1.44093,1.44135,1.78,1.88
2011.10.10 01:35:44.228,1.44093,1.44135,1.03,1.88
2011.10.10 01:35:44.619,1.44089,1.44135,1.09,1.88
2011.10.10 01:35:48.129,1.44094,1.44135,1.50,1.88
2011.10.10 01:35:48.254,1.44092,1.44135,1.50,1.88
2011.10.10 01:35:48.385,1.44094,1.44135,1.50,1.88
2011.10.10 01:35:48.753,1.44096,1.44141,1.50,1.50
2011.10.10 01:35:49.148,1.44099,1.44147,1.50,1.50
2011.10.10 01:35:49.753,1.44102,1.44147,1.50,1.13
2011.10.10 01:35:50.243,1.44096,1.44143,1.09,1.88
2011.10.10 01:35:50.589,1.44096,1.44143,3.72,1.88
2011.10.10 01:35:51.394,1.44096,1.44143,3.72,1.88
2011.10.10 01:35:52.679,1.44095,1.44139,1.09,1.50
2011.10.10 01:35:53.274,1.44096,1.44139,1.84,1.50
2011.10.10 01:35:53.402,1.44096,1.44139,1.84,1.50
2011.10.10 01:35:53.533,1.44101,1.44139,1.50,1.50
2011.10.10 01:35:54.009,1.441,1.44145,1.50,1.13
2011.10.10 01:35:54.754,1.44103,1.44145,1.50,1.13
2011.10.10 01:35:55.558,1.44097,1.44145,3.38,1.88
2011.10.10 01:35:56.679,1.44097,1.44145,3.38,1.13
2011.10.10 01:35:57.340,1.44101,1.44145,1.50,1.13
2011.10.10 01:36:00.742,1.44102,1.44145,1.50,1.13
2011.10.10 01:36:01.354,1.44101,1.44141,1.50,1.50
2011.10.10 01:36:01.480,1.44103,1.44141,1.50,1.50
2011.10.10 01:36:01.839,1.44103,1.44142,1.50,1.13
2011.10.10 01:36:07.139,1.44103,1.44142,1.50,1.13
2011.10.10 01:36:09.059,1.44103,1.44141,1.50,1.50
2011.10.10 01:36:10.397,1.44101,1.44141,1.50,1.50
2011.10.10 01:36:10.738,1.44096,1.44142,2.25,1.88
2011.10.10 01:36:14.339,1.44096,1.44152,3.38,1.23
2011.10.10 01:36:17.257,1.44096,1.44148,3.38,1.23
2011.10.10 01:36:18.317,1.44097,1.44148,1.50,1.23
2011.10.10 01:36:18.549,1.44096,1.44146,2.63,1.50
2011.10.10 01:36:18.784,1.44096,1.44144,2.63,1.23
2011.10.10 01:36:21.223,1.44096,1.44144,2.63,1.23
2011.10.10 01:36:21.460,1.44096,1.44142,1.50,1.23
2011.10.10 01:36:23.540,1.44091,1.44144,1.50,1.23
2011.10.10 01:36:25.318,1.44088,1.44143,1.50,1.23
2011.10.10 01:36:25.922,1.44091,1.44142,1.50,1.23
2011.10.10 01:36:26.620,1.44087,1.44139,1.50,1.50
2011.10.10 01:36:31.363,1.44086,1.44139,1.50,1.50
2011.10.10 01:36:32.450,1.44087,1.44139,3.38,1.50
2011.10.10 01:36:32.802,1.44087,1.44139,3.38,1.50
2011.10.10 01:36:33.378,1.44087,1.44139,2.63,1.50
2011.10.10 01:36:33.718,1.44087,1.44139,2.63,1.50
2011.10.10 01:36:35.315,1.44087,1.44138,2.63,1.23
2011.10.10 01:36:35.919,1.44087,1.44139,3.38,1.50
2011.10.10 01:36:36.269,1.44087,1.44139,2.63,1.50
2011.10.10 01:36:36.723,1.44087,1.44139,4.13,1.50
2011.10.10 01:36:37.200,1.44086,1.44134,1.50,2.63
2011.10.10 01:36:37.553,1.44086,1.44143,1.50,3.86
2011.10.10 01:36:37.967,1.4409,1.44143,1.50,2.63
2011.10.10 01:36:38.331,1.44094,1.44143,1.50,2.63
2011.10.10 01:36:39.640,1.44095,1.44143,1.50,2.63
2011.10.10 01:36:42.101,1.44095,1.44143,1.50,1.13
2011.10.10 01:36:42.348,1.44086,1.44136,3.72,1.50
2011.10.10 01:36:42.467,1.44086,1.44136,2.97,1.50
2011.10.10 01:36:47.062,1.44087,1.44133,1.50,1.13
2011.10.10 01:36:47.374,1.44087,1.44141,3.38,1.88
2011.10.10 01:36:47.625,1.4409,1.44141,1.50,1.13
2011.10.10 01:36:47.874,1.44089,1.44141,1.50,1.88
2011.10.10 01:36:48.123,1.44092,1.44143,1.50,2.63
2011.10.10 01:36:48.372,1.44085,1.44135,1.50,1.50
2011.10.10 01:36:48.701,1.44076,1.44126,1.50,1.50
2011.10.10 01:36:49.192,1.44077,1.44126,2.63,1.50
2011.10.10 01:36:49.443,1.44077,1.44126,1.88,1.50
2011.10.10 01:36:49.689,1.44077,1.44126,2.63,1.50
2011.10.10 01:36:49.933,1.44077,1.44126,2.63,1.50
2011.10.10 01:36:50.180,1.44077,1.44126,2.63,1.50
2011.10.10 01:36:50.311,1.44077,1.44126,1.88,1.50
2011.10.10 01:36:50.563,1.44077,1.44126,1.88,1.50
2011.10.10 01:36:51.143,1.44076,1.44126,1.50,1.50
2011.10.10 01:36:51.749,1.44076,1.44126,2.63,1.50
2011.10.10 01:36:52.088,1.44076,1.44126,2.63,1.50
2011.10.10 01:36:53.340,1.44076,1.44126,2.63,1.50
2011.10.10 01:36:53.934,1.44071,1.44118,1.50,1.50
2011.10.10 01:36:54.305,1.44066,1.44118,3.38,1.50
2011.10.10 01:36:54.560,1.44066,1.44109,2.63,1.50
2011.10.10 01:36:55.202,1.44062,1.44109,1.50,1.50
2011.10.10 01:36:55.973,1.44062,1.44109,1.50,1.50
2011.10.10 01:36:56.252,1.44062,1.44109,1.50,1.50
2011.10.10 01:36:56.647,1.44062,1.44109,1.50,1.50
2011.10.10 01:36:56.770,1.44061,1.44109,1.50,1.50
2011.10.10 01:36:57.136,1.44059,1.44109,1.50,1.50
2011.10.10 01:36:57.272,1.44058,1.44109,1.50,1.50
2011.10.10 01:36:58.000,1.44056,1.44109,4.13,2.63
2011.10.10 01:36:58.518,1.44057,1.44109,1.50,2.63
2011.10.10 01:36:58.887,1.44042,1.44089,1.50,1.50
2011.10.10 01:36:59.256,1.44032,1.4407,1.50,1.13
2011.10.10 01:36:59.720,1.44023,1.4407,1.50,1.09
2011.10.10 01:36:59.851,1.44023,1.4407,1.50,1.09
2011.10.10 01:37:00.169,1.44012,1.44057,1.50,1.13
2011.10.10 01:37:00.416,1.44006,1.4405,1.50,1.13
2011.10.10 01:37:00.546,1.44006,1.4405,1.50,1.88
2011.10.10 01:37:00.793,1.43999,1.44045,1.50,1.09
2011.10.10 01:37:00.928,1.43999,1.44038,1.50,1.09
2011.10.10 01:37:01.251,1.4399,1.44038,1.50,1.47
2011.10.10 01:37:01.622,1.43992,1.44039,2.25,1.13
2011.10.10 01:37:02.112,1.43989,1.44034,1.50,2.63
2011.10.10 01:37:02.242,1.43993,1.44034,1.50,2.63
2011.10.10 01:37:02.493,1.43995,1.44034,1.50,2.63
