2011.10.21 11:00:00.474,1.41073,1.41103,1.09,1.13
2011.10.21 11:00:01.227,1.41075,1.411,1.13,1.09
2011.10.21 11:00:01.540,1.41064,1.41091,1.01,2.18
2011.10.21 11:00:01.811,1.41062,1.41088,1.13,1.43
2011.10.21 11:00:02.752,1.41061,1.41092,1.50,1.09
2011.10.21 11:00:02.896,1.4106,1.41087,1.01,1.50
2011.10.21 11:00:03.510,1.41057,1.41087,2.63,1.84
2011.10.21 11:00:04.701,1.41061,1.41085,1.50,1.09
2011.10.21 11:00:04.944,1.41061,1.41091,1.50,1.13
2011.10.21 11:00:05.672,1.41065,1.41093,1.50,1.09
2011.10.21 11:00:06.035,1.41067,1.41096,1.50,1.13
2011.10.21 11:00:06.697,1.41072,1.411,1.43,2.18
2011.10.21 11:00:06.837,1.41077,1.41104,1.50,1.13
2011.10.21 11:00:08.957,1.41077,1.41108,1.50,1.50
2011.10.21 11:00:09.654,1.41083,1.41114,1.50,2.22
2011.10.21 11:00:10.018,1.41086,1.41114,1.50,1.88
2011.10.21 11:00:10.382,1.41089,1.41114,1.50,1.88
2011.10.21 11:00:10.883,1.41089,1.41114,1.50,2.63
2011.10.21 11:00:11.012,1.41089,1.41114,1.50,2.63
2011.10.21 11:00:11.703,1.41084,1.41114,1.50,4.05
2011.10.21 11:00:12.197,1.41086,1.41118,1.88,1.13
2011.10.21 11:00:13.249,1.41086,1.41118,2.63,1.13
2011.10.21 11:00:13.991,1.41089,1.41118,1.50,1.13
2011.10.21 11:00:14.366,1.41097,1.41127,2.63,1.13
2011.10.21 11:00:15.212,1.41097,1.41128,2.63,1.13
2011.10.21 11:00:16.465,1.41097,1.41133,3.38,2.63
2011.10.21 11:00:16.839,1.41116,1.41143,1.50,2.63
2011.10.21 11:00:17.208,1.41122,1.41153,1.50,1.13
2011.10.21 11:00:17.586,1.41134,1.41163,1.50,2.25
2011.10.21 11:00:18.287,1.41137,1.41163,1.88,1.13
2011.10.21 11:00:18.421,1.41137,1.41167,1.88,1.09
2011.10.21 11:00:19.144,1.41137,1.41159,1.88,1.50
2011.10.21 11:00:19.393,1.41122,1.41159,1.84,1.50
2011.10.21 11:00:21.339,1.41126,1.41158,1.88,1.50
2011.10.21 11:00:21.701,1.41127,1.41157,1.88,1.13
2011.10.21 11:00:22.312,1.41126,1.41157,1.88,1.13
2011.10.21 11:00:22.770,1.41126,1.41157,1.88,1.13
2011.10.21 11:00:23.384,1.41126,1.41157,1.88,1.13
2011.10.21 11:00:23.628,1.41127,1.41157,1.50,1.13
2011.10.21 11:00:25.256,1.41127,1.41154,1.50,2.63
2011.10.21 11:00:25.854,1.41127,1.41154,1.50,1.13
2011.10.21 11:00:26.472,1.41127,1.41154,1.50,1.13
2011.10.21 11:00:29.680,1.41127,1.41146,1.50,2.25
2011.10.21 11:00:29.927,1.4112,1.41146,1.50,3.00
2011.10.21 11:00:30.175,1.41117,1.41146,1.01,3.38
2011.10.21 11:00:30.674,1.41117,1.41144,1.76,1.13
2011.10.21 11:00:30.918,1.41118,1.41147,1.50,1.09
2011.10.21 11:00:31.443,1.4112,1.41152,2.25,1.54
2011.10.21 11:00:31.577,1.4112,1.41147,2.93,1.13
2011.10.21 11:00:31.707,1.4112,1.4115,2.25,1.13
2011.10.21 11:00:32.074,1.41122,1.41149,1.50,1.13
2011.10.21 11:00:32.557,1.41121,1.4115,1.50,1.13
2011.10.21 11:00:33.684,1.41121,1.41153,2.25,1.13
2011.10.21 11:00:33.807,1.41123,1.41155,1.01,1.09
2011.10.21 11:00:34.055,1.41127,1.4115,1.50,1.50
2011.10.21 11:00:36.307,1.41127,1.41152,1.50,1.09
2011.10.21 11:00:37.486,1.41127,1.4115,1.50,1.09
2011.10.21 11:00:37.614,1.41127,1.41152,1.50,1.09
2011.10.21 11:00:37.854,1.41127,1.41159,1.88,2.37
2011.10.21 11:00:38.091,1.41128,1.41159,1.50,1.47
2011.10.21 11:00:38.646,1.41128,1.41159,1.50,1.47
2011.10.21 11:00:38.771,1.41128,1.41153,1.50,1.13
2011.10.21 11:00:39.122,1.41122,1.41154,1.50,1.50
2011.10.21 11:00:39.362,1.41123,1.41154,1.50,1.50
2011.10.21 11:00:39.724,1.41123,1.41153,1.50,1.13
2011.10.21 11:00:39.969,1.41122,1.41151,1.50,1.47
2011.10.21 11:00:40.214,1.41127,1.41151,1.50,1.47
2011.10.21 11:00:41.975,1.41128,1.41154,1.50,1.13
2011.10.21 11:00:42.103,1.41132,1.41158,1.50,1.09
2011.10.21 11:00:42.352,1.41132,1.41162,1.50,3.27
2011.10.21 11:00:42.595,1.41132,1.41162,1.50,1.50
2011.10.21 11:00:43.433,1.41138,1.41165,1.50,1.13
2011.10.21 11:00:43.678,1.41138,1.41169,1.50,1.03
2011.10.21 11:00:44.403,1.4114,1.41166,1.01,1.13
2011.10.21 11:00:44.762,1.4114,1.41172,1.13,1.13
2011.10.21 11:00:44.882,1.41144,1.41172,1.50,1.13
2011.10.21 11:00:45.490,1.41147,1.41172,1.01,1.13
2011.10.21 11:00:45.629,1.41157,1.41185,1.88,1.50
2011.10.21 11:00:45.988,1.4116,1.41188,1.50,2.93
2011.10.21 11:00:46.238,1.41165,1.41196,1.50,1.50
2011.10.21 11:00:46.365,1.41166,1.41196,1.39,1.50
2011.10.21 11:00:46.952,1.41166,1.41196,3.26,1.50
2011.10.21 11:00:47.312,1.41166,1.41199,3.26,1.50
2011.10.21 11:00:47.958,1.41167,1.41199,1.01,1.50
2011.10.21 11:00:48.330,1.41172,1.41203,1.39,1.50
2011.10.21 11:00:48.694,1.41176,1.41204,3.38,1.50
2011.10.21 11:00:49.108,1.41176,1.41203,1.50,1.13
2011.10.21 11:00:50.654,1.41174,1.41211,1.88,2.25
2011.10.21 11:00:51.016,1.41182,1.41211,1.13,1.13
2011.10.21 11:00:51.387,1.41178,1.4121,1.88,1.13
2011.10.21 11:00:51.637,1.41183,1.41214,1.76,2.25
2011.10.21 11:00:51.767,1.41183,1.41212,1.01,2.22
2011.10.21 11:00:52.141,1.41179,1.412,1.11,1.09
2011.10.21 11:00:52.846,1.41174,1.41196,1.01,1.13
2011.10.21 11:00:52.974,1.41174,1.41194,1.01,1.13
2011.10.21 11:00:53.695,1.41174,1.41197,1.01,1.09
2011.10.21 11:00:54.189,1.41174,1.412,1.01,1.09
2011.10.21 11:00:54.928,1.41174,1.41197,1.01,1.09
2011.10.21 11:00:55.654,1.41175,1.41201,1.01,2.07
2011.10.21 11:00:56.015,1.41175,1.41197,1.01,1.09
2011.10.21 11:00:56.495,1.41175,1.41197,1.01,1.09
2011.10.21 11:00:59.756,1.41175,1.41196,1.01,1.50
2011.10.21 11:00:59.884,1.41172,1.41197,1.39,2.12
2011.10.21 11:01:00.008,1.41176,1.41201,1.01,1.50
2011.10.21 11:01:00.524,1.41179,1.41201,1.01,1.13
2011.10.21 11:01:00.647,1.41179,1.41205,1.01,1.09
2011.10.21 11:01:01.013,1.41189,1.41208,1.13,1.09
2011.10.21 11:01:01.138,1.41186,1.41212,1.01,1.05
2011.10.21 11:01:01.267,1.41186,1.41213,1.01,1.20
2011.10.21 11:01:01.396,1.41196,1.41216,1.88,1.13
2011.10.21 11:01:01.528,1.41197,1.41225,1.88,1.13
2011.10.21 11:01:01.788,1.41195,1.41229,1.13,1.24
2011.10.21 11:01:02.045,1.41197,1.41225,1.50,1.50
2011.10.21 11:01:02.183,1.41189,1.41224,1.76,1.13
2011.10.21 11:01:02.741,1.41189,1.41223,2.51,1.13
2011.10.21 11:01:02.875,1.41194,1.41223,1.13,2.63
2011.10.21 11:01:03.124,1.41196,1.4123,2.14,1.75
2011.10.21 11:01:03.721,1.41197,1.4123,2.14,1.47
2011.10.21 11:01:03.841,1.41196,1.4123,1.39,1.47
2011.10.21 11:01:04.803,1.41194,1.4123,1.76,1.47
2011.10.21 11:01:05.495,1.41201,1.41233,1.01,1.09
2011.10.21 11:01:06.332,1.41201,1.41231,1.01,1.09
2011.10.21 11:01:07.294,1.41201,1.41232,1.01,1.84
2011.10.21 11:01:07.891,1.41201,1.41233,1.01,1.84
2011.10.21 11:01:09.013,1.41201,1.41233,1.01,1.84
2011.10.21 11:01:09.607,1.41206,1.41232,1.01,1.09
2011.10.21 11:01:09.975,1.41206,1.41236,1.39,1.13
2011.10.21 11:01:10.102,1.41206,1.41237,1.39,1.03
2011.10.21 11:01:10.804,1.41206,1.41244,3.31,2.87
2011.10.21 11:01:11.677,1.41218,1.41244,1.11,1.47
2011.10.21 11:01:11.926,1.41218,1.41244,1.39,1.47
2011.10.21 11:01:13.121,1.41218,1.41247,1.39,1.37
2011.10.21 11:01:13.703,1.41218,1.41249,1.39,2.22
2011.10.21 11:01:14.784,1.41218,1.41252,1.39,1.13
2011.10.21 11:01:15.380,1.41218,1.41253,1.39,1.13
2011.10.21 11:01:15.951,1.41218,1.41253,1.39,1.13
2011.10.21 11:01:16.781,1.41218,1.41252,1.39,1.13
2011.10.21 11:01:17.372,1.41218,1.41251,1.39,1.13
2011.10.21 11:01:18.501,1.41218,1.41252,1.39,1.13
2011.10.21 11:01:19.459,1.41218,1.41253,1.39,2.63
2011.10.21 11:01:20.056,1.4122,1.41254,1.11,1.47
2011.10.21 11:01:20.416,1.41218,1.41254,1.67,1.09
2011.10.21 11:01:21.353,1.41226,1.41254,2.60,1.09
2011.10.21 11:01:22.673,1.41226,1.41253,2.54,2.25
2011.10.21 11:01:23.035,1.41224,1.41249,1.25,1.50
2011.10.21 11:01:23.501,1.41226,1.41252,1.17,2.25
2011.10.21 11:01:23.870,1.41225,1.41252,1.41,1.41
2011.10.21 11:01:23.994,1.41225,1.41254,1.61,1.37
2011.10.21 11:01:24.114,1.41225,1.41254,1.27,1.09
2011.10.21 11:01:25.167,1.41233,1.41263,1.18,2.63
2011.10.21 11:01:25.416,1.41233,1.41258,1.04,1.84
2011.10.21 11:01:26.152,1.41228,1.41263,1.60,2.63
2011.10.21 11:01:26.277,1.4123,1.4126,1.50,2.25
2011.10.21 11:01:26.526,1.4123,1.4126,1.50,2.25
2011.10.21 11:01:27.413,1.4123,1.41263,1.50,2.25
2011.10.21 11:01:27.546,1.41233,1.41264,1.43,1.13
2011.10.21 11:01:27.919,1.41238,1.41269,1.54,2.22
2011.10.21 11:01:28.046,1.41238,1.41273,1.54,1.37
2011.10.21 11:01:28.533,1.41244,1.41273,1.22,1.09
2011.10.21 11:01:29.713,1.41244,1.41268,1.48,2.59
2011.10.21 11:01:30.866,1.41238,1.41263,1.47,1.13
2011.10.21 11:01:31.225,1.41238,1.41264,1.47,1.13
2011.10.21 11:01:32.074,1.41245,1.41268,1.01,1.09
2011.10.21 11:01:32.411,1.41245,1.41269,1.01,1.09
2011.10.21 11:01:33.001,1.41238,1.41269,1.23,1.09
2011.10.21 11:01:33.128,1.41239,1.41268,1.20,1.09
2011.10.21 11:01:34.043,1.41238,1.41273,1.76,2.25
2011.10.21 11:01:34.284,1.41243,1.41274,1.50,3.75
2011.10.21 11:01:34.523,1.41239,1.41274,1.01,3.75
2011.10.21 11:01:34.881,1.41243,1.41274,1.50,3.00
2011.10.21 11:01:35.231,1.41243,1.41273,1.50,1.13
2011.10.21 11:01:35.471,1.41243,1.41273,1.50,2.25
2011.10.21 11:01:36.726,1.41243,1.4127,1.50,2.25
2011.10.21 11:01:37.336,1.41237,1.41266,1.01,1.13
2011.10.21 11:01:37.474,1.41239,1.41269,1.01,1.47
2011.10.21 11:01:37.836,1.41248,1.41273,1.50,1.77
2011.10.21 11:01:37.964,1.41248,1.41274,1.50,1.05
2011.10.21 11:01:38.561,1.41248,1.41279,1.50,1.09
2011.10.21 11:01:40.283,1.41248,1.41279,1.50,1.09
2011.10.21 11:01:40.635,1.41255,1.41279,1.50,1.09
2011.10.21 11:01:40.769,1.41261,1.41283,1.50,1.03
2011.10.21 11:01:40.896,1.41261,1.41293,1.50,3.34
2011.10.21 11:01:41.023,1.41263,1.41293,1.13,1.13
2011.10.21 11:01:41.263,1.41266,1.41301,1.13,1.39
2011.10.21 11:01:41.382,1.41268,1.41301,1.50,1.09
2011.10.21 11:01:41.500,1.41263,1.41298,1.50,1.50
2011.10.21 11:01:42.071,1.41266,1.41301,2.25,1.37
2011.10.21 11:01:43.159,1.4126,1.41297,1.76,1.13
2011.10.21 11:01:43.401,1.41259,1.41291,1.76,1.13
2011.10.21 11:01:43.883,1.41264,1.41295,1.50,1.13
2011.10.21 11:01:44.251,1.41266,1.41299,1.50,1.88
2011.10.21 11:01:44.377,1.41266,1.41303,1.50,2.63
2011.10.21 11:01:44.513,1.41262,1.41297,2.99,1.13
2011.10.21 11:01:45.324,1.41259,1.41295,1.88,1.13
2011.10.21 11:01:45.454,1.41259,1.41294,1.13,1.50
2011.10.21 11:01:46.164,1.41257,1.41293,3.75,1.13
2011.10.21 11:01:50.278,1.41262,1.41294,1.50,1.13
2011.10.21 11:01:51.672,1.41264,1.41294,1.13,1.13
2011.10.21 11:01:52.204,1.41266,1.41302,3.00,1.88
2011.10.21 11:01:52.549,1.41269,1.41302,1.50,1.13
2011.10.21 11:01:52.671,1.41269,1.41302,1.50,1.13
2011.10.21 11:01:53.130,1.41269,1.41303,1.50,1.13
2011.10.21 11:01:56.870,1.41266,1.41302,2.25,1.13
2011.10.21 11:02:00.879,1.41268,1.41304,1.50,1.88
2011.10.21 11:02:01.247,1.41266,1.413,1.88,2.22
2011.10.21 11:02:01.377,1.41269,1.41304,1.50,1.50
2011.10.21 11:02:01.750,1.4127,1.41304,1.50,1.50
2011.10.21 11:02:01.876,1.41273,1.41309,1.01,1.50
2011.10.21 11:02:02.005,1.41278,1.41313,1.13,1.50
2011.10.21 11:02:03.011,1.41278,1.41312,1.13,1.50
2011.10.21 11:02:03.831,1.41278,1.41314,1.13,3.38
2011.10.21 11:02:03.958,1.41281,1.41313,1.50,1.13
2011.10.21 11:02:04.566,1.41278,1.41312,1.50,1.50
2011.10.21 11:02:04.937,1.41276,1.41309,1.13,1.50
2011.10.21 11:02:05.068,1.41275,1.4131,1.50,1.88
2011.10.21 11:02:05.557,1.41278,1.41311,1.13,1.50
2011.10.21 11:02:05.686,1.41278,1.41311,1.13,1.50
2011.10.21 11:02:05.813,1.41278,1.41313,1.13,2.63
2011.10.21 11:02:06.603,1.41278,1.41313,1.13,2.63
2011.10.21 11:02:06.740,1.41283,1.41316,1.13,1.13
2011.10.21 11:02:07.102,1.41287,1.41322,1.50,1.50
2011.10.21 11:02:08.261,1.41287,1.41322,1.88,1.13
2011.10.21 11:02:08.504,1.4128,1.41309,1.88,1.09
2011.10.21 11:02:08.628,1.41277,1.41309,1.23,1.09
2011.10.21 11:02:08.757,1.41275,1.41308,1.56,1.50
2011.10.21 11:02:09.123,1.41278,1.41314,1.97,2.63
2011.10.21 11:02:09.740,1.41278,1.41313,1.60,3.34
2011.10.21 11:02:10.236,1.41278,1.41312,1.60,1.50
2011.10.21 11:02:12.222,1.41274,1.413,2.18,1.84
2011.10.21 11:02:12.833,1.41269,1.41297,1.30,1.09
2011.10.21 11:02:13.435,1.41274,1.413,1.79,2.22
2011.10.21 11:02:14.015,1.41274,1.413,1.60,1.84
2011.10.21 11:02:15.137,1.41276,1.41293,1.60,1.09
2011.10.21 11:02:15.758,1.41272,1.41293,1.07,2.22
2011.10.21 11:02:16.125,1.41272,1.41289,1.07,1.13
2011.10.21 11:02:17.081,1.41264,1.41291,1.50,1.13
2011.10.21 11:02:17.327,1.41261,1.4129,2.25,1.50
2011.10.21 11:02:17.457,1.41264,1.41291,1.50,1.13
2011.10.21 11:02:18.064,1.41262,1.4129,1.50,1.13
2011.10.21 11:02:18.427,1.41262,1.41293,1.50,1.47
2011.10.21 11:02:18.562,1.41275,1.41299,1.50,1.03
2011.10.21 11:02:18.803,1.41277,1.41304,1.50,1.50
2011.10.21 11:02:19.611,1.41277,1.41305,1.50,1.13
2011.10.21 11:02:19.743,1.41281,1.41308,1.50,1.13
2011.10.21 11:02:20.666,1.41281,1.41307,1.50,1.50
2011.10.21 11:02:20.797,1.41278,1.41308,1.50,1.13
2011.10.21 11:02:20.926,1.41275,1.41308,1.50,1.28
2011.10.21 11:02:21.051,1.41277,1.41308,1.50,1.13
2011.10.21 11:02:26.310,1.41277,1.41309,1.50,1.09
2011.10.21 11:02:26.882,1.41277,1.41313,3.38,1.50
2011.10.21 11:02:27.553,1.41278,1.41315,2.25,1.88
2011.10.21 11:02:27.914,1.41283,1.41317,1.13,1.47
2011.10.21 11:02:28.279,1.4128,1.4131,1.50,1.13
2011.10.21 11:02:28.524,1.41278,1.41315,1.88,1.50
2011.10.21 11:02:29.521,1.41278,1.41314,1.13,1.88
2011.10.21 11:02:30.105,1.41275,1.4131,1.50,1.13
2011.10.21 11:02:30.365,1.41291,1.41324,1.47,2.63
2011.10.21 11:02:30.614,1.41296,1.41328,1.13,1.50
2011.10.21 11:02:30.970,1.41301,1.41332,1.50,1.13
2011.10.21 11:02:31.336,1.41308,1.41333,1.50,1.13
2011.10.21 11:02:32.413,1.41308,1.41334,1.50,1.13
2011.10.21 11:02:33.035,1.41308,1.4134,1.50,1.50
2011.10.21 11:02:33.176,1.41309,1.41343,1.50,1.50
2011.10.21 11:02:33.303,1.41309,1.41343,1.50,1.50
2011.10.21 11:02:33.883,1.4131,1.41343,1.50,1.50
2011.10.21 11:02:34.122,1.4131,1.41343,1.50,1.50
2011.10.21 11:02:34.244,1.4131,1.41343,1.50,1.50
2011.10.21 11:02:34.362,1.4131,1.41343,1.50,1.50
2011.10.21 11:02:34.482,1.4131,1.41343,1.50,1.50
2011.10.21 11:02:34.603,1.41312,1.41343,1.50,1.50
2011.10.21 11:02:35.910,1.4131,1.4134,2.24,1.13
2011.10.21 11:02:36.034,1.4131,1.4134,1.49,1.13
2011.10.21 11:02:36.631,1.4131,1.41339,1.01,1.50
2011.10.21 11:02:37.770,1.4131,1.41341,1.01,1.13
2011.10.21 11:02:38.729,1.41307,1.41338,2.14,1.09
2011.10.21 11:02:38.872,1.41307,1.41339,3.00,1.09
2011.10.21 11:02:39.477,1.41307,1.4134,1.88,1.88
2011.10.21 11:02:39.610,1.41308,1.4134,1.50,1.13
2011.10.21 11:02:40.094,1.4131,1.4134,1.13,1.13
2011.10.21 11:02:40.915,1.41313,1.41343,1.50,1.13
2011.10.21 11:02:41.179,1.41307,1.41339,1.88,1.47
2011.10.21 11:02:43.038,1.41313,1.41339,1.50,1.47
2011.10.21 11:02:43.754,1.41307,1.41342,1.13,1.50
2011.10.21 11:02:44.692,1.41307,1.41338,1.01,1.13
2011.10.21 11:02:45.145,1.41306,1.4133,3.38,1.50
2011.10.21 11:02:45.669,1.41304,1.41333,2.25,1.50
2011.10.21 11:02:45.819,1.4131,1.41345,1.50,1.13
2011.10.21 11:02:46.788,1.41304,1.41334,1.98,1.84
2011.10.21 11:02:47.037,1.41302,1.41337,1.01,1.05
2011.10.21 11:02:47.286,1.41302,1.41338,1.39,1.88
2011.10.21 11:02:47.654,1.41313,1.41342,1.50,1.50
2011.10.21 11:02:48.256,1.41305,1.41334,1.50,1.50
2011.10.21 11:02:48.495,1.41302,1.41334,1.76,1.50
2011.10.21 11:02:48.624,1.41302,1.41334,1.76,1.50
2011.10.21 11:02:48.743,1.41302,1.41334,1.01,1.50
2011.10.21 11:02:49.109,1.41302,1.41322,1.01,1.09
2011.10.21 11:02:49.238,1.41299,1.4133,1.50,1.47
2011.10.21 11:02:49.484,1.41299,1.41333,1.60,2.63
2011.10.21 11:02:49.965,1.41297,1.4133,1.67,1.13
2011.10.21 11:02:50.582,1.41297,1.41324,1.50,1.47
2011.10.21 11:02:50.944,1.41286,1.41321,2.78,1.09
2011.10.21 11:02:51.414,1.4129,1.41322,1.13,1.09
2011.10.21 11:02:51.539,1.41296,1.41326,1.50,1.13
2011.10.21 11:02:51.665,1.41299,1.41332,1.50,1.50
2011.10.21 11:02:52.255,1.41306,1.41333,1.01,2.63
2011.10.21 11:02:52.386,1.41306,1.41333,1.01,1.88
2011.10.21 11:02:52.637,1.41306,1.41333,1.01,1.13
2011.10.21 11:02:52.764,1.41306,1.41335,1.01,1.13
2011.10.21 11:02:53.498,1.41306,1.41338,1.01,1.09
2011.10.21 11:02:54.496,1.41306,1.41333,1.01,1.13
2011.10.21 11:02:54.864,1.41302,1.4133,1.01,1.50
2011.10.21 11:02:55.343,1.41302,1.41333,1.39,1.88
2011.10.21 11:02:56.010,1.41303,1.41338,1.39,1.09
2011.10.21 11:02:56.141,1.41309,1.41338,1.50,1.09
2011.10.21 11:02:56.624,1.41309,1.41341,1.50,1.09
2011.10.21 11:02:57.342,1.41307,1.41337,1.39,1.13
2011.10.21 11:02:57.704,1.41308,1.41336,1.01,2.25
2011.10.21 11:02:58.275,1.41306,1.41336,1.39,1.50
2011.10.21 11:02:58.875,1.41306,1.41336,1.39,1.50
2011.10.21 11:02:59.627,1.41306,1.41333,1.01,1.50
2011.10.21 11:03:02.382,1.41306,1.41333,1.01,1.88
2011.10.21 11:03:02.744,1.41306,1.41332,1.01,1.09
2011.10.21 11:03:02.862,1.41306,1.41333,1.01,1.09
2011.10.21 11:03:02.982,1.41306,1.41327,1.01,1.13
2011.10.21 11:03:03.346,1.41306,1.41324,1.01,1.13
2011.10.21 11:03:04.107,1.41306,1.41323,1.01,1.47
2011.10.21 11:03:04.257,1.41306,1.41323,1.01,1.47
2011.10.21 11:03:04.743,1.41286,1.41318,1.28,1.50
2011.10.21 11:03:05.229,1.4129,1.41323,1.50,1.84
2011.10.21 11:03:05.356,1.4129,1.41324,1.76,1.88
2011.10.21 11:03:05.956,1.4129,1.41325,1.50,1.13
2011.10.21 11:03:06.080,1.4129,1.41325,1.50,1.13
2011.10.21 11:03:06.554,1.4129,1.41325,1.50,1.88
2011.10.21 11:03:07.099,1.4129,1.41325,1.50,1.88
2011.10.21 11:03:07.343,1.4129,1.41325,1.50,1.88
2011.10.21 11:03:07.852,1.4129,1.41324,1.50,1.13
2011.10.21 11:03:08.481,1.4129,1.41325,1.50,1.88
2011.10.21 11:03:08.832,1.41287,1.41322,2.63,1.13
2011.10.21 11:03:09.071,1.41287,1.41322,2.63,1.13
2011.10.21 11:03:09.431,1.41285,1.41321,1.13,4.50
2011.10.21 11:03:10.007,1.41283,1.41315,1.50,1.13
2011.10.21 11:03:10.940,1.41285,1.41319,1.50,1.47
2011.10.21 11:03:11.321,1.41283,1.41318,1.76,1.13
2011.10.21 11:03:11.569,1.41287,1.41323,3.26,1.88
2011.10.21 11:03:11.699,1.41288,1.41323,1.01,1.88
2011.10.21 11:03:12.060,1.41291,1.41323,1.50,1.13
2011.10.21 11:03:13.652,1.41291,1.41326,1.50,1.13
2011.10.21 11:03:14.015,1.41292,1.41322,1.50,1.13
2011.10.21 11:03:15.191,1.41292,1.41323,1.50,1.88
2011.10.21 11:03:16.541,1.41288,1.41323,1.13,1.88
2011.10.21 11:03:17.383,1.41287,1.41323,2.51,1.88
2011.10.21 11:03:18.180,1.41287,1.41321,2.89,1.13
2011.10.21 11:03:18.523,1.41287,1.41321,1.13,1.88
2011.10.21 11:03:19.504,1.41294,1.41331,1.84,1.50
2011.10.21 11:03:19.998,1.41296,1.41328,1.88,1.13
2011.10.21 11:03:20.367,1.41292,1.41328,1.13,1.13
2011.10.21 11:03:20.614,1.41292,1.41328,1.50,1.13
2011.10.21 11:03:20.973,1.41298,1.41334,1.13,2.25
2011.10.21 11:03:21.550,1.41304,1.41341,1.88,1.09
2011.10.21 11:03:22.121,1.41304,1.41341,1.88,1.09
2011.10.21 11:03:23.103,1.41304,1.41341,1.50,1.84
2011.10.21 11:03:23.224,1.41304,1.41335,1.50,2.25
2011.10.21 11:03:23.343,1.41303,1.41333,1.50,2.63
2011.10.21 11:03:23.585,1.41303,1.41334,1.50,1.88
2011.10.21 11:03:23.705,1.41303,1.41334,1.50,2.25
2011.10.21 11:03:25.650,1.41304,1.41333,1.50,2.25
2011.10.21 11:03:25.778,1.41304,1.41333,1.50,1.88
2011.10.21 11:03:26.373,1.41304,1.41342,1.76,2.22
2011.10.21 11:03:26.505,1.41304,1.41341,1.39,1.84
2011.10.21 11:03:27.174,1.41303,1.4134,1.50,2.55
2011.10.21 11:03:27.876,1.41303,1.41334,1.50,1.13
2011.10.21 11:03:29.078,1.41297,1.41331,3.38,1.50
2011.10.21 11:03:29.203,1.41297,1.41331,2.63,1.50
2011.10.21 11:03:29.781,1.41297,1.41331,2.63,1.13
2011.10.21 11:03:30.694,1.41303,1.41332,1.50,1.13
2011.10.21 11:03:31.620,1.41303,1.4133,1.50,1.13
2011.10.21 11:03:33.751,1.41304,1.41333,1.50,1.13
2011.10.21 11:03:33.876,1.41313,1.41338,1.50,1.50
2011.10.21 11:03:34.006,1.41308,1.41339,1.01,1.50
2011.10.21 11:03:34.797,1.41307,1.4134,1.88,1.50
2011.10.21 11:03:35.453,1.41304,1.4134,1.13,2.25
2011.10.21 11:03:36.353,1.41307,1.41339,1.13,1.50
2011.10.21 11:03:36.951,1.41305,1.4134,1.13,1.50
2011.10.21 11:03:37.758,1.41305,1.4134,1.13,1.50
2011.10.21 11:03:38.596,1.41302,1.41335,1.13,1.09
2011.10.21 11:03:38.960,1.41301,1.41334,1.50,1.13
2011.10.21 11:03:39.805,1.41301,1.41333,1.76,1.50
2011.10.21 11:03:40.397,1.41296,1.41331,1.39,1.50
2011.10.21 11:03:41.572,1.41296,1.41329,1.39,1.50
2011.10.21 11:03:42.532,1.41296,1.41328,1.39,1.50
2011.10.21 11:03:43.100,1.41296,1.41328,1.39,1.50
2011.10.21 11:03:43.611,1.41296,1.41328,1.39,1.50
2011.10.21 11:03:43.854,1.41296,1.41324,1.50,1.50
2011.10.21 11:03:43.976,1.41296,1.41323,1.50,1.13
2011.10.21 11:03:44.963,1.41296,1.41327,1.88,2.25
2011.10.21 11:03:45.088,1.41301,1.41331,1.50,1.09
2011.10.21 11:03:45.213,1.41301,1.41331,1.50,1.09
2011.10.21 11:03:45.812,1.41301,1.41333,2.25,1.50
2011.10.21 11:03:46.056,1.41303,1.41332,1.50,2.25
2011.10.21 11:03:46.305,1.41301,1.41327,1.50,1.13
2011.10.21 11:03:46.434,1.41301,1.41326,1.50,1.13
2011.10.21 11:03:46.557,1.41303,1.41329,1.50,1.13
2011.10.21 11:03:47.190,1.41297,1.41328,2.25,1.13
2011.10.21 11:03:47.319,1.41297,1.41326,2.25,1.88
2011.10.21 11:03:48.035,1.41297,1.4133,2.25,1.13
2011.10.21 11:03:48.614,1.41301,1.4133,1.50,1.13
2011.10.21 11:03:48.854,1.41301,1.41332,1.50,1.65
2011.10.21 11:03:49.321,1.41301,1.4133,1.50,1.13
2011.10.21 11:03:49.441,1.41297,1.4133,2.89,1.13
2011.10.21 11:03:50.042,1.41297,1.4133,2.89,1.13
2011.10.21 11:03:50.283,1.41297,1.41327,1.39,1.13
2011.10.21 11:03:50.863,1.41292,1.41327,1.54,1.13
2011.10.21 11:03:52.047,1.41291,1.41318,2.29,1.09
2011.10.21 11:03:52.175,1.4129,1.41318,1.65,1.09
2011.10.21 11:03:52.307,1.41286,1.41317,1.88,1.50
2011.10.21 11:03:52.848,1.41286,1.41314,1.13,1.13
2011.10.21 11:03:53.688,1.41282,1.41312,1.01,1.13
2011.10.21 11:03:53.827,1.41286,1.41316,1.50,1.09
2011.10.21 11:03:53.956,1.41287,1.41324,1.09,1.50
2011.10.21 11:03:54.091,1.41292,1.41329,1.50,1.50
2011.10.21 11:03:54.215,1.41292,1.41323,1.50,1.88
2011.10.21 11:03:55.176,1.41292,1.41332,1.50,1.50
2011.10.21 11:03:55.542,1.41292,1.41331,1.50,1.13
2011.10.21 11:03:56.505,1.41293,1.41331,1.50,1.50
2011.10.21 11:03:56.754,1.41297,1.41333,1.50,2.59
2011.10.21 11:03:57.356,1.41299,1.41333,1.50,2.22
2011.10.21 11:03:57.732,1.41306,1.41333,1.47,1.88
2011.10.21 11:03:57.860,1.41307,1.41342,1.73,1.50
2011.10.21 11:03:57.983,1.4131,1.41344,3.23,2.63
2011.10.21 11:03:58.225,1.41313,1.4135,1.01,1.50
2011.10.21 11:03:58.803,1.41304,1.41342,1.13,1.88
2011.10.21 11:03:59.162,1.41302,1.4134,1.84,1.50
2011.10.21 11:03:59.523,1.41302,1.41336,1.50,1.13
2011.10.21 11:04:00.953,1.41302,1.41337,1.50,1.47
2011.10.21 11:04:01.507,1.4131,1.41338,1.50,1.13
2011.10.21 11:04:02.977,1.4131,1.41343,1.50,2.63
2011.10.21 11:04:04.490,1.4131,1.41342,1.50,1.09
2011.10.21 11:04:04.627,1.41306,1.41338,1.50,1.47
2011.10.21 11:04:05.001,1.4131,1.41333,1.50,1.13
2011.10.21 11:04:05.498,1.41304,1.41333,1.43,1.13
2011.10.21 11:04:05.629,1.41303,1.41337,1.13,1.50
2011.10.21 11:04:06.773,1.41301,1.41334,1.76,1.50
2011.10.21 11:04:07.956,1.41301,1.41336,1.76,1.88
2011.10.21 11:04:09.050,1.41301,1.41333,1.76,1.13
2011.10.21 11:04:10.906,1.41301,1.4133,1.76,2.25
2011.10.21 11:04:11.266,1.41298,1.41323,1.01,2.25
2011.10.21 11:04:11.837,1.4129,1.41323,1.01,1.13
2011.10.21 11:04:11.963,1.41296,1.41323,2.25,1.13
2011.10.21 11:04:12.675,1.41297,1.41324,1.50,1.50
2011.10.21 11:04:13.288,1.41296,1.41324,1.50,1.50
2011.10.21 11:04:13.656,1.41291,1.41323,2.25,1.13
2011.10.21 11:04:13.785,1.41291,1.41323,1.50,1.50
2011.10.21 11:04:15.524,1.41291,1.41322,1.50,1.13
2011.10.21 11:04:15.887,1.41291,1.41323,1.50,1.13
2011.10.21 11:04:16.252,1.41291,1.41321,1.50,2.25
2011.10.21 11:04:16.862,1.41284,1.41307,1.50,1.09
2011.10.21 11:04:17.109,1.41284,1.41309,1.76,1.09
2011.10.21 11:04:17.238,1.41284,1.41314,1.76,1.88
2011.10.21 11:04:17.835,1.41285,1.41319,1.50,2.22
2011.10.21 11:04:18.432,1.41286,1.41315,1.50,1.13
2011.10.21 11:04:19.782,1.41287,1.4132,1.50,1.13
2011.10.21 11:04:19.906,1.4129,1.41322,2.25,2.25
2011.10.21 11:04:21.754,1.41287,1.4132,1.13,1.43
2011.10.21 11:04:22.341,1.41291,1.41324,2.25,1.13
2011.10.21 11:04:23.170,1.41291,1.41324,2.25,1.13
2011.10.21 11:04:24.391,1.41291,1.41324,1.50,1.50
2011.10.21 11:04:24.510,1.41291,1.41324,1.50,1.50
2011.10.21 11:04:24.638,1.41291,1.41324,1.50,1.50
2011.10.21 11:04:25.736,1.41291,1.41321,1.50,1.13
2011.10.21 11:04:27.051,1.41292,1.41325,1.50,1.13
2011.10.21 11:04:28.529,1.41291,1.41321,1.50,1.13
2011.10.21 11:04:29.326,1.41289,1.41317,1.50,1.88
2011.10.21 11:04:30.628,1.41283,1.41314,1.01,2.63
2011.10.21 11:04:30.755,1.41283,1.41317,1.50,1.13
2011.10.21 11:04:31.124,1.41283,1.41317,1.50,1.50
2011.10.21 11:04:34.621,1.41281,1.41316,1.01,1.50
2011.10.21 11:04:35.423,1.41281,1.41314,1.01,1.50
2011.10.21 11:04:36.011,1.41281,1.41314,1.01,1.50
2011.10.21 11:04:36.549,1.41281,1.41314,1.01,1.50
2011.10.21 11:04:37.187,1.41282,1.41314,1.01,1.50
2011.10.21 11:04:37.700,1.41282,1.41314,1.01,1.50
2011.10.21 11:04:39.159,1.41281,1.41314,1.01,1.50
2011.10.21 11:04:39.510,1.41283,1.41314,1.01,1.50
2011.10.21 11:04:41.017,1.41286,1.41316,1.13,1.13
2011.10.21 11:04:42.075,1.41292,1.41319,2.25,1.50
2011.10.21 11:04:42.209,1.41289,1.41319,1.84,1.50
2011.10.21 11:04:42.339,1.4129,1.41324,1.35,1.88
2011.10.21 11:04:42.467,1.4129,1.41324,1.61,1.50
2011.10.21 11:04:43.309,1.41299,1.41324,1.28,1.50
2011.10.21 11:04:43.555,1.41296,1.41324,2.03,1.50
2011.10.21 11:04:43.917,1.41296,1.41317,2.03,1.50
2011.10.21 11:04:44.764,1.41296,1.41317,2.03,1.50
2011.10.21 11:04:45.672,1.41291,1.41317,1.09,1.50
2011.10.21 11:04:45.801,1.41282,1.41317,1.47,1.50
2011.10.21 11:04:45.928,1.41282,1.41317,1.47,1.50
2011.10.21 11:04:46.300,1.41284,1.41317,1.13,1.50
2011.10.21 11:04:46.665,1.41281,1.41309,1.09,2.25
2011.10.21 11:04:46.789,1.41281,1.41309,1.09,1.50
2011.10.21 11:04:46.920,1.41278,1.41309,1.09,1.50
2011.10.21 11:04:47.166,1.41279,1.41312,1.47,1.50
2011.10.21 11:04:48.470,1.41279,1.41313,1.84,1.13
2011.10.21 11:04:49.193,1.41281,1.41315,1.88,1.88
2011.10.21 11:04:49.314,1.41288,1.41315,1.13,1.50
2011.10.21 11:04:49.434,1.41286,1.41315,1.88,1.50
2011.10.21 11:04:49.554,1.41286,1.41315,1.88,1.50
2011.10.21 11:04:49.674,1.41286,1.41315,1.13,1.50
2011.10.21 11:04:49.791,1.41279,1.41313,1.47,1.13
2011.10.21 11:04:49.913,1.41278,1.41313,1.50,1.50
2011.10.21 11:04:50.036,1.41278,1.41312,1.50,1.13
2011.10.21 11:04:50.166,1.41276,1.4131,1.88,1.13
2011.10.21 11:04:50.745,1.41278,1.4131,1.09,1.88
2011.10.21 11:04:50.864,1.41278,1.4131,1.09,1.50
2011.10.21 11:04:50.985,1.41277,1.4131,1.13,1.88
2011.10.21 11:04:51.114,1.41272,1.41303,2.63,1.13
2011.10.21 11:04:51.240,1.41271,1.41303,1.09,2.25
2011.10.21 11:04:51.847,1.41267,1.41303,1.76,1.13
2011.10.21 11:04:52.452,1.41271,1.41303,1.13,3.38
2011.10.21 11:04:52.592,1.41271,1.41299,1.39,1.50
2011.10.21 11:04:53.311,1.41271,1.41299,1.01,1.50
2011.10.21 11:04:53.906,1.41267,1.41304,2.63,1.47
2011.10.21 11:04:54.427,1.41272,1.41304,1.13,1.09
2011.10.21 11:04:55.971,1.41266,1.41304,4.01,1.47
2011.10.21 11:04:56.847,1.41266,1.41304,4.01,2.22
2011.10.21 11:04:56.978,1.41266,1.41303,3.64,1.50
2011.10.21 11:04:57.541,1.41266,1.41294,1.50,1.47
2011.10.21 11:05:01.406,1.41261,1.4129,1.50,1.09
2011.10.21 11:05:01.773,1.41261,1.41289,1.50,1.09
2011.10.21 11:05:02.920,1.41261,1.4129,1.50,1.50
2011.10.21 11:05:03.526,1.41261,1.41293,1.50,2.63
2011.10.21 11:05:04.013,1.41268,1.41299,1.13,1.50
2011.10.21 11:05:04.141,1.41269,1.41302,1.50,1.50
2011.10.21 11:05:04.262,1.41269,1.41303,1.50,1.88
2011.10.21 11:05:05.344,1.41269,1.41305,1.50,1.13
2011.10.21 11:05:05.858,1.41269,1.41305,1.50,1.13
2011.10.21 11:05:06.117,1.41276,1.4131,1.76,1.50
2011.10.21 11:05:06.244,1.41276,1.41313,1.76,3.75
2011.10.21 11:05:07.688,1.41275,1.41313,1.39,3.75
2011.10.21 11:05:08.219,1.41275,1.41308,1.39,1.09
2011.10.21 11:05:08.571,1.41271,1.41306,1.13,1.88
2011.10.21 11:05:08.690,1.4127,1.41306,1.76,2.25
2011.10.21 11:05:09.051,1.4127,1.41304,1.76,1.50
2011.10.21 11:05:09.567,1.4127,1.41304,1.76,1.50
2011.10.21 11:05:09.695,1.4127,1.41304,1.76,1.50
2011.10.21 11:05:10.710,1.4127,1.41304,1.50,1.50
2011.10.21 11:05:11.322,1.4127,1.41303,1.01,2.25
2011.10.21 11:05:13.279,1.41271,1.41307,1.13,1.13
2011.10.21 11:05:13.525,1.41272,1.41307,1.39,1.13
2011.10.21 11:05:13.656,1.41271,1.41307,1.39,1.50
2011.10.21 11:05:14.025,1.41272,1.41307,1.01,1.50
2011.10.21 11:05:17.424,1.41272,1.41307,1.01,1.50
2011.10.21 11:05:17.661,1.41272,1.41307,1.01,1.50
2011.10.21 11:05:17.904,1.41272,1.41307,1.01,1.50
2011.10.21 11:05:19.869,1.41272,1.41307,1.39,1.50
2011.10.21 11:05:21.973,1.41285,1.41313,1.39,1.50
2011.10.21 11:05:22.572,1.41286,1.41313,2.14,1.50
2011.10.21 11:05:23.273,1.41286,1.41313,2.14,1.50
2011.10.21 11:05:25.692,1.4128,1.41313,1.39,1.50
2011.10.21 11:05:27.273,1.41281,1.41313,1.01,1.50
2011.10.21 11:05:27.391,1.4128,1.41313,1.01,1.50
2011.10.21 11:05:28.102,1.41279,1.41313,1.76,1.50
2011.10.21 11:05:28.228,1.41279,1.41313,1.01,1.50
2011.10.21 11:05:29.183,1.41279,1.41313,1.01,1.50
2011.10.21 11:05:29.534,1.41279,1.41313,1.76,1.50
2011.10.21 11:05:29.992,1.41279,1.41313,1.76,1.50
2011.10.21 11:05:30.582,1.41279,1.41313,1.76,1.50
2011.10.21 11:05:35.169,1.41282,1.41313,1.01,1.50
2011.10.21 11:05:36.002,1.41283,1.41313,1.01,1.50
2011.10.21 11:05:36.605,1.41286,1.41313,1.01,1.50
2011.10.21 11:05:39.386,1.41283,1.41319,1.13,1.50
2011.10.21 11:05:40.217,1.41283,1.41319,1.39,1.50
2011.10.21 11:05:41.428,1.41286,1.41312,1.01,1.50
2011.10.21 11:05:41.937,1.41286,1.41312,1.01,1.50
2011.10.21 11:05:42.472,1.41286,1.41312,1.01,1.50
2011.10.21 11:05:43.061,1.41286,1.41312,1.01,1.50
2011.10.21 11:05:44.221,1.41286,1.41312,1.01,1.50
2011.10.21 11:05:44.342,1.41286,1.41312,1.01,1.50
2011.10.21 11:05:45.060,1.41286,1.41319,1.01,1.50
2011.10.21 11:05:45.305,1.41282,1.41314,1.76,1.13
2011.10.21 11:05:45.436,1.41282,1.41314,1.39,1.13
2011.10.21 11:05:45.671,1.41282,1.41314,1.39,1.13
2011.10.21 11:05:46.141,1.41282,1.41318,1.39,1.50
2011.10.21 11:05:46.263,1.41282,1.41318,2.51,1.50
2011.10.21 11:05:46.621,1.41286,1.4132,1.13,1.13
2011.10.21 11:05:47.381,1.41288,1.41324,1.13,1.88
2011.10.21 11:05:47.746,1.41288,1.41324,1.76,1.50
2011.10.21 11:05:47.874,1.41288,1.41324,1.76,1.50
2011.10.21 11:05:47.996,1.4129,1.41324,1.01,1.50
2011.10.21 11:05:49.127,1.41289,1.41325,1.35,1.50
2011.10.21 11:05:49.251,1.41289,1.41325,1.35,1.50
2011.10.21 11:05:49.494,1.41287,1.41325,3.60,1.50
2011.10.21 11:05:50.026,1.41292,1.41328,1.50,1.13
2011.10.21 11:05:50.163,1.41299,1.41331,1.88,1.03
2011.10.21 11:05:50.405,1.41303,1.41337,1.50,2.25
2011.10.21 11:05:50.535,1.41302,1.41337,1.09,1.50
2011.10.21 11:05:51.618,1.413,1.4133,1.09,1.88
2011.10.21 11:05:51.747,1.41297,1.4133,1.88,1.88
2011.10.21 11:05:52.363,1.41294,1.41323,1.13,1.09
2011.10.21 11:05:52.493,1.4129,1.41323,1.13,1.84
2011.10.21 11:05:53.096,1.4129,1.41323,1.76,1.50
2011.10.21 11:05:53.464,1.41297,1.41327,2.14,1.13
2011.10.21 11:05:54.669,1.41297,1.41322,1.88,1.50
2011.10.21 11:05:55.339,1.41296,1.41322,1.88,1.50
2011.10.21 11:05:55.471,1.41289,1.41322,1.01,1.50
2011.10.21 11:05:55.594,1.41289,1.41322,1.01,1.50
2011.10.21 11:05:55.714,1.41289,1.41322,1.01,1.50
2011.10.21 11:05:56.311,1.41287,1.41322,2.25,1.50
2011.10.21 11:05:56.793,1.41286,1.41322,1.88,1.50
2011.10.21 11:05:58.282,1.41285,1.41317,1.47,1.50
2011.10.21 11:05:58.766,1.41287,1.41321,2.51,1.50
2011.10.21 11:05:59.253,1.41287,1.41321,2.51,1.50
2011.10.21 11:06:02.226,1.41287,1.41321,2.51,1.50
2011.10.21 11:06:03.162,1.41287,1.41321,1.01,1.50
2011.10.21 11:06:03.746,1.41287,1.41315,1.76,1.50
2011.10.21 11:06:03.994,1.41287,1.41322,1.76,1.50
2011.10.21 11:06:04.113,1.41289,1.41323,1.39,2.63
2011.10.21 11:06:04.694,1.4129,1.41323,1.01,2.63
2011.10.21 11:06:05.297,1.41292,1.41327,1.13,1.13
2011.10.21 11:06:06.020,1.41292,1.41327,1.50,1.13
2011.10.21 11:06:07.686,1.41297,1.41328,1.13,1.50
2011.10.21 11:06:08.052,1.41301,1.41328,1.01,1.50
2011.10.21 11:06:08.654,1.41301,1.41328,1.01,1.50
2011.10.21 11:06:10.108,1.41305,1.41334,1.13,1.13
2011.10.21 11:06:10.473,1.41308,1.4134,1.01,1.50
2011.10.21 11:06:11.222,1.41307,1.41341,1.01,2.25
2011.10.21 11:06:12.211,1.41307,1.4134,1.01,1.50
2011.10.21 11:06:12.334,1.41308,1.41341,2.14,1.50
2011.10.21 11:06:12.902,1.41307,1.41341,2.51,1.50
2011.10.21 11:06:13.621,1.41309,1.41341,1.01,1.50
2011.10.21 11:06:14.687,1.41311,1.41341,1.01,1.50
2011.10.21 11:06:14.817,1.41307,1.41341,1.35,1.50
2011.10.21 11:06:15.668,1.41306,1.41341,1.35,1.50
2011.10.21 11:06:16.311,1.41306,1.41341,1.01,1.50
2011.10.21 11:06:16.899,1.41307,1.41341,1.01,1.50
2011.10.21 11:06:17.371,1.41307,1.41341,1.01,1.50
2011.10.21 11:06:17.832,1.41309,1.41344,1.39,2.25
2011.10.21 11:06:18.181,1.4131,1.41344,1.01,1.88
2011.10.21 11:06:18.533,1.41323,1.41344,2.25,1.13
2011.10.21 11:06:19.047,1.41323,1.41353,1.50,5.16
2011.10.21 11:06:19.188,1.41307,1.41345,1.47,1.50
2011.10.21 11:06:19.919,1.41311,1.41343,1.35,1.13
2011.10.21 11:06:20.522,1.41311,1.41343,1.35,1.13
2011.10.21 11:06:21.372,1.41312,1.41345,1.01,1.13
2011.10.21 11:06:21.499,1.41312,1.41346,1.13,1.50
2011.10.21 11:06:23.606,1.41313,1.41351,1.13,1.50
2011.10.21 11:06:23.731,1.41313,1.41352,1.13,1.50
2011.10.21 11:06:23.972,1.41313,1.41351,1.88,1.13
2011.10.21 11:06:26.826,1.41313,1.41344,1.01,1.13
2011.10.21 11:06:26.956,1.41309,1.41342,2.14,1.13
2011.10.21 11:06:27.084,1.41313,1.41344,1.01,1.13
2011.10.21 11:06:27.551,1.41313,1.41345,1.01,1.88
2011.10.21 11:06:28.782,1.41313,1.4135,1.76,1.50
2011.10.21 11:06:29.423,1.41313,1.4135,1.76,1.50
2011.10.21 11:06:30.004,1.41313,1.4135,1.76,1.50
2011.10.21 11:06:30.484,1.41316,1.41351,1.76,1.50
2011.10.21 11:06:31.080,1.41316,1.41351,1.76,1.50
2011.10.21 11:06:31.831,1.41316,1.41351,1.76,1.50
2011.10.21 11:06:31.996,1.41316,1.41351,1.39,1.50
2011.10.21 11:06:32.813,1.41318,1.41351,1.01,1.50
2011.10.21 11:06:33.166,1.41319,1.41351,1.01,1.50
2011.10.21 11:06:33.292,1.41319,1.41351,1.01,1.50
2011.10.21 11:06:33.654,1.41318,1.41351,2.51,1.50
2011.10.21 11:06:34.019,1.4132,1.41347,1.01,1.50
2011.10.21 11:06:34.750,1.41323,1.41351,1.01,1.50
2011.10.21 11:06:34.995,1.4132,1.41352,1.01,1.50
2011.10.21 11:06:35.825,1.41324,1.41351,1.01,1.50
2011.10.21 11:06:35.943,1.41324,1.41357,1.39,1.88
2011.10.21 11:06:36.063,1.41322,1.41353,1.13,2.31
2011.10.21 11:06:36.423,1.41331,1.41359,1.09,1.43
2011.10.21 11:06:37.108,1.41337,1.41359,1.01,1.43
2011.10.21 11:06:37.478,1.41374,1.41412,1.01,1.03
2011.10.21 11:06:38.088,1.41375,1.41409,1.50,1.13
2011.10.21 11:06:38.804,1.41372,1.41405,1.01,1.13
2011.10.21 11:06:39.329,1.41372,1.41397,1.01,1.50
2011.10.21 11:06:39.581,1.41366,1.41393,1.50,1.13
2011.10.21 11:06:39.828,1.41362,1.41393,1.76,1.13
2011.10.21 11:06:41.032,1.41363,1.41393,2.25,1.13
2011.10.21 11:06:41.821,1.41365,1.41398,1.13,1.13
2011.10.21 11:06:42.194,1.41368,1.414,1.13,1.13
2011.10.21 11:06:42.312,1.41366,1.41399,3.64,1.13
2011.10.21 11:06:43.661,1.41366,1.41399,3.64,1.13
2011.10.21 11:06:44.016,1.41371,1.414,1.01,1.50
2011.10.21 11:06:44.505,1.41377,1.41401,1.88,1.50
2011.10.21 11:06:45.148,1.41376,1.41407,1.88,1.13
2011.10.21 11:06:45.526,1.41374,1.41406,1.01,1.50
2011.10.21 11:06:45.893,1.41377,1.41406,1.88,2.25
2011.10.21 11:06:46.243,1.41376,1.41405,1.88,1.13
2011.10.21 11:06:46.602,1.4137,1.41405,1.76,2.63
2011.10.21 11:06:46.842,1.41368,1.41405,1.01,2.63
2011.10.21 11:06:47.088,1.41371,1.41405,1.01,2.63
2011.10.21 11:06:47.753,1.41371,1.41401,1.01,1.50
2011.10.21 11:06:48.117,1.41376,1.41404,2.14,1.50
2011.10.21 11:06:48.248,1.41379,1.41404,1.01,1.50
2011.10.21 11:06:48.380,1.41382,1.41404,1.01,1.50
2011.10.21 11:06:48.751,1.41376,1.41398,2.51,1.50
2011.10.21 11:06:49.465,1.41377,1.41398,2.25,1.50
2011.10.21 11:06:49.931,1.41376,1.41398,1.88,1.50
2011.10.21 11:06:50.470,1.41372,1.41401,1.39,1.50
2011.10.21 11:06:50.932,1.41372,1.41398,1.13,1.50
2011.10.21 11:06:51.161,1.41372,1.41398,1.13,1.50
2011.10.21 11:06:51.284,1.41378,1.41398,1.01,1.50
2011.10.21 11:06:51.527,1.41378,1.41406,1.01,1.50
2011.10.21 11:06:52.131,1.41379,1.41406,1.01,1.50
2011.10.21 11:06:54.366,1.41386,1.41406,1.88,1.50
2011.10.21 11:06:54.725,1.41387,1.41411,1.88,1.50
2011.10.21 11:06:55.093,1.41387,1.41411,1.88,1.50
2011.10.21 11:06:56.105,1.41387,1.41398,1.88,1.50
2011.10.21 11:06:56.240,1.41377,1.41398,1.88,1.50
2011.10.21 11:06:56.363,1.41377,1.41398,1.88,1.50
2011.10.21 11:06:57.084,1.41377,1.41404,1.88,1.50
2011.10.21 11:06:57.449,1.41377,1.41398,1.88,1.50
2011.10.21 11:06:57.938,1.41377,1.41395,1.88,1.50
2011.10.21 11:06:58.068,1.41377,1.41393,1.88,1.50
2011.10.21 11:06:58.614,1.41377,1.41395,1.88,2.25
2011.10.21 11:06:59.795,1.41367,1.41393,2.63,1.50
2011.10.21 11:07:00.167,1.41367,1.41393,2.63,1.50
2011.10.21 11:07:00.536,1.41367,1.41396,2.63,1.13
2011.10.21 11:07:00.785,1.41367,1.41396,2.63,1.13
2011.10.21 11:07:01.523,1.41367,1.41396,2.63,1.13
2011.10.21 11:07:02.191,1.41367,1.41396,2.63,1.13
2011.10.21 11:07:03.045,1.41367,1.41396,1.88,1.13
2011.10.21 11:07:03.384,1.41366,1.41398,3.00,1.50
2011.10.21 11:07:03.623,1.41367,1.41393,1.88,1.13
2011.10.21 11:07:04.515,1.41367,1.41395,1.88,1.88
2011.10.21 11:07:05.114,1.41367,1.41395,1.88,1.13
2011.10.21 11:07:05.352,1.41366,1.41395,2.63,1.13
2011.10.21 11:07:05.934,1.41376,1.41395,1.88,1.13
2011.10.21 11:07:06.279,1.41376,1.41395,1.88,1.13
2011.10.21 11:07:07.486,1.41377,1.41399,1.50,1.13
2011.10.21 11:07:07.974,1.41376,1.41399,1.88,1.13
2011.10.21 11:07:08.336,1.41376,1.41399,1.88,1.13
2011.10.21 11:07:09.172,1.41376,1.41405,2.63,2.12
2011.10.21 11:07:09.297,1.41376,1.41407,2.22,1.13
2011.10.21 11:07:09.666,1.41387,1.41404,1.88,1.13
2011.10.21 11:07:10.355,1.41376,1.41404,1.88,1.13
2011.10.21 11:07:10.954,1.41376,1.41405,1.88,1.13
2011.10.21 11:07:12.044,1.41387,1.41407,1.88,1.50
2011.10.21 11:07:13.875,1.41386,1.41407,1.88,1.50
2011.10.21 11:07:14.450,1.41387,1.41404,1.88,1.13
2011.10.21 11:07:16.385,1.41386,1.41407,1.50,1.88
2011.10.21 11:07:16.987,1.41387,1.41412,1.88,2.25
2011.10.21 11:07:17.225,1.41387,1.41412,1.88,1.50
2011.10.21 11:07:17.344,1.41386,1.41412,1.88,1.50
2011.10.21 11:07:17.819,1.41386,1.41412,1.88,1.88
2011.10.21 11:07:17.944,1.41386,1.41411,1.88,1.13
2011.10.21 11:07:18.306,1.41386,1.41406,1.88,1.50
2011.10.21 11:07:19.243,1.41386,1.41413,1.88,2.25
2011.10.21 11:07:19.374,1.41396,1.41418,1.88,1.50
2011.10.21 11:07:19.496,1.41396,1.41422,1.88,1.50
2011.10.21 11:07:19.749,1.41397,1.4142,1.50,1.50
2011.10.21 11:07:19.879,1.41388,1.41418,2.25,1.13
2011.10.21 11:07:20.132,1.41389,1.41415,1.13,1.50
2011.10.21 11:07:20.256,1.41387,1.41414,1.50,1.50
2011.10.21 11:07:20.512,1.41396,1.41415,2.14,1.50
2011.10.21 11:07:21.008,1.41397,1.41421,1.88,1.50
2011.10.21 11:07:21.165,1.41411,1.4143,1.09,1.13
2011.10.21 11:07:21.303,1.41413,1.41432,1.09,1.50
2011.10.21 11:07:21.430,1.41417,1.41432,1.50,1.50
2011.10.21 11:07:21.844,1.41418,1.41432,1.50,1.50
2011.10.21 11:07:22.210,1.41427,1.41438,1.50,1.50
2011.10.21 11:07:23.198,1.41423,1.41447,1.13,1.50
2011.10.21 11:07:23.706,1.41427,1.41451,3.38,1.50
2011.10.21 11:07:23.836,1.41428,1.41456,1.50,1.50
2011.10.21 11:07:23.965,1.41427,1.41456,2.63,1.50
2011.10.21 11:07:25.317,1.41427,1.41453,1.13,1.50
2011.10.21 11:07:25.452,1.41427,1.41455,2.63,1.13
2011.10.21 11:07:26.967,1.41426,1.41451,1.88,1.50
2011.10.21 11:07:27.519,1.41426,1.4145,2.63,1.50
2011.10.21 11:07:28.003,1.41426,1.41448,1.88,1.50
2011.10.21 11:07:29.375,1.41426,1.4145,2.22,1.50
2011.10.21 11:07:29.498,1.41426,1.4145,1.88,1.50
2011.10.21 11:07:30.233,1.41427,1.41449,1.88,1.50
2011.10.21 11:07:30.357,1.41428,1.41451,1.13,1.50
2011.10.21 11:07:31.085,1.41424,1.41452,1.01,1.50
2011.10.21 11:07:31.204,1.41427,1.41452,2.25,1.50
2011.10.21 11:07:31.563,1.41431,1.41462,1.50,1.50
2011.10.21 11:07:31.913,1.41436,1.41463,2.51,1.50
2011.10.21 11:07:32.273,1.41437,1.41467,1.01,1.50
2011.10.21 11:07:33.358,1.41437,1.41462,2.63,1.13
2011.10.21 11:07:33.482,1.4143,1.41462,1.76,1.13
2011.10.21 11:07:36.486,1.41426,1.41441,2.63,1.50
2011.10.21 11:07:36.619,1.41437,1.41446,1.09,1.50
2011.10.21 11:07:36.868,1.41436,1.41464,1.88,1.50
2011.10.21 11:07:36.998,1.41446,1.41467,1.50,1.88
2011.10.21 11:07:37.131,1.41436,1.41465,1.88,1.50
2011.10.21 11:07:37.616,1.41436,1.41451,1.88,1.50
2011.10.21 11:07:37.743,1.41429,1.41449,2.22,1.50
2011.10.21 11:07:37.863,1.41429,1.41449,2.22,1.50
2011.10.21 11:07:38.806,1.41429,1.41449,2.22,1.50
2011.10.21 11:07:38.935,1.41437,1.41449,1.88,1.50
2011.10.21 11:07:39.067,1.41427,1.41449,3.00,1.50
2011.10.21 11:07:39.200,1.41427,1.41449,1.50,1.50
2011.10.21 11:07:39.336,1.41426,1.4145,4.13,1.50
2011.10.21 11:07:39.825,1.41426,1.41455,2.63,1.50
2011.10.21 11:07:40.422,1.41426,1.41452,1.88,1.50
2011.10.21 11:07:41.317,1.41422,1.41444,1.13,1.50
2011.10.21 11:07:41.794,1.41422,1.41444,1.13,1.50
2011.10.21 11:07:42.280,1.41427,1.41444,1.01,1.50
2011.10.21 11:07:42.407,1.41428,1.41459,1.39,1.03
2011.10.21 11:07:42.772,1.41428,1.41461,1.01,1.50
2011.10.21 11:07:43.435,1.41435,1.41461,1.13,1.50
2011.10.21 11:07:44.533,1.41435,1.4147,1.13,1.13
2011.10.21 11:07:45.826,1.41438,1.41471,1.50,1.13
2011.10.21 11:07:46.118,1.41447,1.41476,2.63,1.09
2011.10.21 11:07:46.727,1.41452,1.41476,1.50,1.09
2011.10.21 11:07:47.443,1.41447,1.41478,2.63,1.13
2011.10.21 11:07:48.076,1.41444,1.41477,2.63,1.13
2011.10.21 11:07:49.103,1.41448,1.41478,1.43,1.13
2011.10.21 11:07:49.228,1.41447,1.41478,3.38,1.13
2011.10.21 11:07:49.594,1.41453,1.41478,1.50,1.13
2011.10.21 11:07:49.834,1.41454,1.4149,1.76,1.88
2011.10.21 11:07:49.957,1.4146,1.41493,1.50,3.00
2011.10.21 11:07:50.455,1.4146,1.41493,1.50,2.25
2011.10.21 11:07:50.942,1.41457,1.41491,2.63,1.13
2011.10.21 11:07:51.063,1.41457,1.41491,1.88,1.13
2011.10.21 11:07:51.315,1.41463,1.41499,1.13,1.50
2011.10.21 11:07:51.678,1.41469,1.41504,2.97,1.13
2011.10.21 11:07:52.049,1.41475,1.41511,2.14,1.50
2011.10.21 11:07:52.175,1.41475,1.41512,2.14,1.50
2011.10.21 11:07:52.850,1.41477,1.41512,1.88,1.50
2011.10.21 11:07:52.986,1.41477,1.41507,1.88,1.50
2011.10.21 11:07:58.546,1.41487,1.41507,1.50,1.88
2011.10.21 11:07:58.686,1.41482,1.41519,1.13,1.50
2011.10.21 11:07:58.816,1.41496,1.4152,1.88,1.50
2011.10.21 11:07:59.187,1.41478,1.4152,1.88,1.50
2011.10.21 11:07:59.435,1.41488,1.4152,2.25,1.50
2011.10.21 11:08:00.287,1.41489,1.41519,1.50,1.50
2011.10.21 11:08:01.803,1.41484,1.41521,1.69,1.50
2011.10.21 11:08:02.165,1.4149,1.41523,1.50,1.50
2011.10.21 11:08:02.289,1.41506,1.41524,1.88,1.50
2011.10.21 11:08:02.417,1.41496,1.41523,1.88,1.50
2011.10.21 11:08:03.138,1.41487,1.41519,1.88,1.50
2011.10.21 11:08:03.271,1.41487,1.41514,1.88,1.50
2011.10.21 11:08:04.357,1.41473,1.41513,1.13,1.50
2011.10.21 11:08:04.955,1.41487,1.4152,1.88,1.13
2011.10.21 11:08:05.843,1.41488,1.4152,1.13,1.13
2011.10.21 11:08:05.951,1.41488,1.41524,1.01,1.47
2011.10.21 11:08:06.300,1.41488,1.41525,1.39,1.47
2011.10.21 11:08:07.470,1.41488,1.41522,1.39,1.09
2011.10.21 11:08:07.839,1.41493,1.41521,1.43,1.09
2011.10.21 11:08:07.967,1.41485,1.4152,1.43,1.50
2011.10.21 11:08:08.094,1.41487,1.4152,2.25,1.50
2011.10.21 11:08:08.617,1.41485,1.41514,1.09,1.13
2011.10.21 11:08:08.754,1.41487,1.41524,2.18,2.25
2011.10.21 11:08:08.997,1.41487,1.41524,2.55,2.63
2011.10.21 11:08:09.246,1.41487,1.41521,2.55,1.13
2011.10.21 11:08:09.605,1.41487,1.41523,2.93,2.63
2011.10.21 11:08:09.857,1.41487,1.41523,1.50,2.63
2011.10.21 11:08:10.458,1.41488,1.41523,1.50,2.63
2011.10.21 11:08:10.586,1.41495,1.41533,1.09,5.67
2011.10.21 11:08:10.715,1.41495,1.41529,1.09,2.53
2011.10.21 11:08:11.206,1.41487,1.41523,2.63,1.13
2011.10.21 11:08:11.343,1.41486,1.41515,1.88,1.50
2011.10.21 11:08:11.703,1.41487,1.41507,1.88,1.13
2011.10.21 11:08:12.061,1.41476,1.41506,1.88,1.13
2011.10.21 11:08:12.187,1.41477,1.41506,1.88,1.13
2011.10.21 11:08:12.320,1.41487,1.41503,1.50,2.25
2011.10.21 11:08:12.447,1.41487,1.41503,1.50,1.50
2011.10.21 11:08:13.220,1.41477,1.41503,2.25,1.50
2011.10.21 11:08:13.357,1.41476,1.41503,2.63,1.50
2011.10.21 11:08:13.484,1.41476,1.41503,1.88,1.50
2011.10.21 11:08:13.728,1.41487,1.41502,1.50,1.50
2011.10.21 11:08:14.893,1.41487,1.41507,1.88,1.50
2011.10.21 11:08:15.135,1.41487,1.41507,1.88,1.50
2011.10.21 11:08:16.070,1.41477,1.41507,1.13,1.50
2011.10.21 11:08:16.563,1.41487,1.41507,1.50,1.50
2011.10.21 11:08:17.524,1.41487,1.41508,1.50,1.50
2011.10.21 11:08:17.886,1.41476,1.41507,1.88,1.13
2011.10.21 11:08:18.370,1.41476,1.41506,1.88,1.13
2011.10.21 11:08:21.113,1.41476,1.41503,1.88,1.50
2011.10.21 11:08:22.342,1.41477,1.41502,1.88,1.50
2011.10.21 11:08:22.944,1.41477,1.41508,1.88,1.50
2011.10.21 11:08:23.983,1.41476,1.41506,1.88,1.50
2011.10.21 11:08:24.106,1.41476,1.41506,1.88,1.50
2011.10.21 11:08:24.462,1.41476,1.41502,1.88,1.50
2011.10.21 11:08:26.076,1.41476,1.415,1.88,1.50
2011.10.21 11:08:26.661,1.41469,1.415,1.09,1.50
2011.10.21 11:08:28.436,1.41467,1.415,1.88,1.50
2011.10.21 11:08:30.086,1.41466,1.415,2.89,1.50
2011.10.21 11:08:30.211,1.41466,1.415,2.14,1.50
2011.10.21 11:08:30.792,1.41467,1.415,1.88,1.50
2011.10.21 11:08:31.362,1.41467,1.41498,1.88,1.50
2011.10.21 11:08:31.941,1.41467,1.41496,1.88,1.50
2011.10.21 11:08:32.623,1.41467,1.41501,2.63,1.50
2011.10.21 11:08:33.212,1.41467,1.41497,2.63,1.50
2011.10.21 11:08:33.445,1.41466,1.41497,1.88,1.50
2011.10.21 11:08:33.805,1.41467,1.41497,1.88,1.50
2011.10.21 11:08:35.035,1.41467,1.41498,1.88,1.13
2011.10.21 11:08:35.534,1.41467,1.41498,1.88,1.88
2011.10.21 11:08:35.777,1.41467,1.41503,2.63,1.50
2011.10.21 11:08:36.015,1.41467,1.41501,1.88,1.50
2011.10.21 11:08:36.373,1.41466,1.41494,1.88,1.13
2011.10.21 11:08:36.733,1.41467,1.41495,1.88,1.13
2011.10.21 11:08:37.622,1.41467,1.41489,1.88,1.09
2011.10.21 11:08:38.103,1.41461,1.41489,1.13,1.84
2011.10.21 11:08:38.463,1.41461,1.41487,1.13,1.13
2011.10.21 11:08:38.823,1.41456,1.41484,2.63,1.50
2011.10.21 11:08:39.067,1.41457,1.41487,2.63,1.88
2011.10.21 11:08:39.315,1.41457,1.41485,2.63,1.09
2011.10.21 11:08:40.136,1.41456,1.41481,2.63,1.50
2011.10.21 11:08:40.513,1.41456,1.41479,2.63,1.50
2011.10.21 11:08:41.103,1.41456,1.41473,2.63,1.43
2011.10.21 11:08:41.470,1.41457,1.41474,1.13,2.63
2011.10.21 11:08:41.838,1.41447,1.41471,2.63,1.50
2011.10.21 11:08:42.362,1.41447,1.41472,2.63,1.09
2011.10.21 11:08:42.712,1.41447,1.41472,2.63,2.22
2011.10.21 11:08:43.292,1.41447,1.41472,2.63,2.97
2011.10.21 11:08:43.521,1.41447,1.41472,2.63,2.97
2011.10.21 11:08:44.101,1.41447,1.41468,2.63,1.50
2011.10.21 11:08:44.452,1.41447,1.41467,2.63,1.50
2011.10.21 11:08:45.157,1.41447,1.41464,1.88,1.09
2011.10.21 11:08:45.297,1.41437,1.4146,1.88,1.50
2011.10.21 11:08:45.429,1.41426,1.4146,2.89,1.50
2011.10.21 11:08:45.681,1.41427,1.4146,2.51,1.50
2011.10.21 11:08:45.926,1.41428,1.4146,1.01,1.50
2011.10.21 11:08:46.053,1.41427,1.4146,2.51,1.50
2011.10.21 11:08:46.295,1.41437,1.41459,1.88,1.50
2011.10.21 11:08:46.655,1.41426,1.4146,2.25,1.50
2011.10.21 11:08:47.306,1.41437,1.4146,1.88,1.50
2011.10.21 11:08:47.446,1.41427,1.41454,2.25,1.50
2011.10.21 11:08:48.890,1.41427,1.41454,1.88,1.50
2011.10.21 11:08:49.953,1.41427,1.41454,1.88,1.50
2011.10.21 11:08:50.304,1.41427,1.41454,2.63,1.50
2011.10.21 11:08:50.641,1.41427,1.41456,2.63,2.25
2011.10.21 11:08:51.129,1.41426,1.41454,1.88,1.50
2011.10.21 11:08:51.256,1.41426,1.41454,1.88,1.50
2011.10.21 11:08:51.385,1.41427,1.41454,1.88,1.50
2011.10.21 11:08:53.879,1.41427,1.41447,1.88,1.50
2011.10.21 11:08:54.130,1.41417,1.41447,1.88,1.88
2011.10.21 11:08:56.105,1.41427,1.41447,1.88,1.50
2011.10.21 11:08:56.832,1.41417,1.41447,1.88,1.50
2011.10.21 11:08:57.302,1.41427,1.41448,1.88,1.50
2011.10.21 11:08:59.315,1.41426,1.41451,1.88,1.13
2011.10.21 11:08:59.925,1.41426,1.41451,1.88,1.13
2011.10.21 11:09:00.403,1.41417,1.41448,1.88,1.50
2011.10.21 11:09:00.753,1.41427,1.41448,1.13,1.50
2011.10.21 11:09:01.092,1.41417,1.41448,1.88,1.50
2011.10.21 11:09:01.682,1.41426,1.41448,1.88,1.50
2011.10.21 11:09:02.035,1.41426,1.41452,1.13,1.13
2011.10.21 11:09:02.931,1.41416,1.41448,1.88,1.50
2011.10.21 11:09:04.121,1.41416,1.41446,1.88,2.25
2011.10.21 11:09:04.932,1.41426,1.41446,1.13,1.50
2011.10.21 11:09:05.835,1.41426,1.41446,1.13,1.50
2011.10.21 11:09:08.671,1.41426,1.41446,1.13,1.50
2011.10.21 11:09:10.159,1.41421,1.41446,1.13,1.50
2011.10.21 11:09:10.633,1.41417,1.41446,1.88,1.50
2011.10.21 11:09:12.282,1.41416,1.41446,1.88,1.50
2011.10.21 11:09:13.062,1.41416,1.41443,1.88,1.50
2011.10.21 11:09:14.042,1.41407,1.4144,1.88,1.84
2011.10.21 11:09:14.627,1.41416,1.4144,1.88,1.84
2011.10.21 11:09:16.349,1.4141,1.4144,1.01,1.50
2011.10.21 11:09:16.885,1.41407,1.41433,1.88,2.55
2011.10.21 11:09:17.354,1.41406,1.41433,1.88,1.13
2011.10.21 11:09:17.600,1.41406,1.41433,1.88,1.13
2011.10.21 11:09:19.504,1.41406,1.41428,1.88,1.50
2011.10.21 11:09:19.622,1.41406,1.41428,1.88,1.50
2011.10.21 11:09:21.743,1.41397,1.41427,1.88,1.50
2011.10.21 11:09:21.863,1.41397,1.41427,1.88,1.50
2011.10.21 11:09:22.105,1.41396,1.41422,1.88,1.13
2011.10.21 11:09:22.228,1.41396,1.4142,1.88,2.18
2011.10.21 11:09:23.176,1.41397,1.41421,1.88,1.50
2011.10.21 11:09:23.678,1.41396,1.41422,1.88,1.50
2011.10.21 11:09:23.925,1.41397,1.41427,1.88,2.25
2011.10.21 11:09:24.044,1.41406,1.41427,1.50,2.25
2011.10.21 11:09:28.251,1.41406,1.41427,1.88,1.50
2011.10.21 11:09:29.403,1.41407,1.41427,1.88,1.50
2011.10.21 11:09:30.129,1.41406,1.41434,1.88,1.50
2011.10.21 11:09:30.371,1.41407,1.41434,1.88,1.50
2011.10.21 11:09:30.854,1.41407,1.41434,1.88,1.50
2011.10.21 11:09:31.092,1.41407,1.41434,1.88,1.50
2011.10.21 11:09:31.984,1.41407,1.41433,1.88,1.88
2011.10.21 11:09:32.552,1.41407,1.41433,1.88,1.88
2011.10.21 11:09:33.120,1.41407,1.41433,1.88,1.13
2011.10.21 11:09:33.351,1.41407,1.41433,1.88,1.13
2011.10.21 11:09:35.296,1.41407,1.41433,1.88,1.13
2011.10.21 11:09:36.763,1.41407,1.41438,2.25,1.18
2011.10.21 11:09:36.884,1.41407,1.4144,2.25,1.65
2011.10.21 11:09:37.124,1.41412,1.41443,1.13,1.50
2011.10.21 11:09:39.446,1.41413,1.41443,1.13,1.50
2011.10.21 11:09:39.696,1.41416,1.41449,1.88,1.88
2011.10.21 11:09:39.947,1.41416,1.41453,1.88,3.36
2011.10.21 11:09:40.544,1.41416,1.41453,2.63,2.61
2011.10.21 11:09:40.664,1.4142,1.41453,1.50,1.48
2011.10.21 11:09:41.846,1.4142,1.41454,1.50,2.63
2011.10.21 11:09:41.984,1.41421,1.41454,1.13,1.50
2011.10.21 11:09:42.592,1.41421,1.41454,1.13,1.50
2011.10.21 11:09:42.714,1.41426,1.41454,2.25,1.50
2011.10.21 11:09:43.078,1.41421,1.41451,1.50,1.09
2011.10.21 11:09:43.212,1.41418,1.41452,1.50,2.44
2011.10.21 11:09:43.341,1.41427,1.41452,1.50,2.70
2011.10.21 11:09:43.472,1.41418,1.41453,1.50,2.53
2011.10.21 11:09:43.598,1.41422,1.41453,1.50,2.25
2011.10.21 11:09:44.169,1.41427,1.41451,1.88,1.13
2011.10.21 11:09:44.299,1.41427,1.41451,1.88,1.13
2011.10.21 11:09:45.252,1.41419,1.4145,1.13,1.50
2011.10.21 11:09:45.613,1.41416,1.41446,1.88,1.13
2011.10.21 11:09:47.371,1.41416,1.41449,2.25,1.50
2011.10.21 11:09:47.733,1.41427,1.41455,1.88,1.13
2011.10.21 11:09:47.963,1.41427,1.41457,1.88,1.50
2011.10.21 11:09:48.695,1.41427,1.41457,1.88,1.50
2011.10.21 11:09:49.052,1.41427,1.41452,1.88,1.13
2011.10.21 11:09:49.414,1.41418,1.41454,2.14,1.50
2011.10.21 11:09:49.532,1.41418,1.41453,1.39,1.13
2011.10.21 11:09:49.880,1.41418,1.41453,1.13,1.28
2011.10.21 11:09:51.562,1.41418,1.41455,2.22,1.88
2011.10.21 11:09:51.922,1.41422,1.41458,1.88,1.50
2011.10.21 11:09:52.042,1.41422,1.41459,1.88,1.88
2011.10.21 11:09:52.272,1.41424,1.41459,1.13,1.88
2011.10.21 11:09:53.394,1.41424,1.41459,1.13,1.13
2011.10.21 11:09:53.977,1.41426,1.41459,1.88,1.13
2011.10.21 11:09:54.570,1.41426,1.4146,2.25,2.25
2011.10.21 11:09:55.575,1.41426,1.41458,1.88,1.13
2011.10.21 11:09:56.452,1.41426,1.41458,1.88,1.13
2011.10.21 11:09:59.706,1.41426,1.41456,1.88,1.13
2011.10.21 11:10:00.253,1.41424,1.41456,1.13,1.13
2011.10.21 11:10:01.416,1.41426,1.41455,1.50,1.13
2011.10.21 11:10:01.534,1.41422,1.41453,1.50,1.50
2011.10.21 11:10:01.779,1.41427,1.41451,1.88,1.13
2011.10.21 11:10:02.346,1.41418,1.41451,1.13,1.13
2011.10.21 11:10:02.593,1.41418,1.41452,1.13,1.13
2011.10.21 11:10:03.181,1.41427,1.41454,1.88,2.93
2011.10.21 11:10:04.623,1.41427,1.41454,1.88,1.13
2011.10.21 11:10:04.851,1.41426,1.41454,1.88,1.13
2011.10.21 11:10:07.282,1.41427,1.41454,1.88,1.50
2011.10.21 11:10:08.050,1.41427,1.41454,1.88,2.03
2011.10.21 11:10:08.731,1.41427,1.41454,1.88,1.28
2011.10.21 11:10:09.080,1.41426,1.41457,1.88,1.50
2011.10.21 11:10:09.320,1.41426,1.41458,1.88,1.88
2011.10.21 11:10:09.931,1.41426,1.41458,1.88,1.50
2011.10.21 11:10:10.051,1.41427,1.41458,1.88,1.50
2011.10.21 11:10:10.651,1.41426,1.41458,1.88,1.50
2011.10.21 11:10:10.776,1.41427,1.41458,1.88,1.50
2011.10.21 11:10:11.023,1.41427,1.41454,1.88,1.88
2011.10.21 11:10:11.636,1.41418,1.41454,1.13,3.27
2011.10.21 11:10:12.401,1.41418,1.41453,1.13,1.39
2011.10.21 11:10:13.773,1.41417,1.41452,2.63,2.37
2011.10.21 11:10:15.327,1.41417,1.41451,1.88,1.88
2011.10.21 11:10:15.869,1.41416,1.41445,1.88,1.50
2011.10.21 11:10:16.245,1.41417,1.41443,1.88,1.50
2011.10.21 11:10:16.854,1.41417,1.41443,1.88,1.50
2011.10.21 11:10:17.481,1.41417,1.41443,1.88,1.88
2011.10.21 11:10:18.764,1.41417,1.41442,1.88,1.13
2011.10.21 11:10:18.886,1.41417,1.41439,1.88,1.50
2011.10.21 11:10:21.181,1.41417,1.41441,1.88,1.43
2011.10.21 11:10:21.761,1.41417,1.41442,1.88,1.13
2011.10.21 11:10:22.331,1.41417,1.41442,1.88,1.88
2011.10.21 11:10:24.083,1.41407,1.41438,1.88,2.18
2011.10.21 11:10:24.813,1.41407,1.41439,3.00,1.50
2011.10.21 11:10:25.272,1.41407,1.41439,2.51,1.13
2011.10.21 11:10:25.953,1.41417,1.41442,1.88,1.50
2011.10.21 11:10:26.534,1.41417,1.41444,1.88,1.50
2011.10.21 11:10:27.094,1.41417,1.41446,1.88,1.13
2011.10.21 11:10:28.764,1.41406,1.41441,3.60,1.50
2011.10.21 11:10:29.413,1.41407,1.41439,2.51,1.13
2011.10.21 11:10:32.092,1.41407,1.41438,2.89,1.13
2011.10.21 11:10:33.810,1.41407,1.41441,2.89,1.50
2011.10.21 11:10:34.369,1.41408,1.41441,1.39,1.50
2011.10.21 11:10:35.337,1.41416,1.41441,1.88,2.93
2011.10.21 11:10:36.204,1.4141,1.4144,1.50,1.13
2011.10.21 11:10:36.445,1.41412,1.4144,1.13,1.13
2011.10.21 11:10:36.924,1.41416,1.41449,1.88,1.88
2011.10.21 11:10:37.466,1.41417,1.41442,1.88,1.13
2011.10.21 11:10:38.062,1.41417,1.41448,1.88,1.41
2011.10.21 11:10:38.940,1.41416,1.41442,1.88,1.13
2011.10.21 11:10:39.474,1.41406,1.41435,1.01,2.55
2011.10.21 11:10:39.595,1.41401,1.41433,1.01,1.13
2011.10.21 11:10:39.712,1.414,1.41433,1.76,1.13
2011.10.21 11:10:40.242,1.414,1.41433,1.01,1.13
2011.10.21 11:10:42.125,1.41407,1.41435,1.88,1.13
2011.10.21 11:10:43.562,1.41407,1.41435,1.88,1.13
2011.10.21 11:10:45.101,1.41407,1.41439,1.88,1.13
2011.10.21 11:10:46.830,1.41407,1.41439,1.88,1.13
2011.10.21 11:10:48.063,1.41407,1.41434,1.88,1.13
2011.10.21 11:10:48.884,1.41407,1.41434,1.88,1.88
2011.10.21 11:10:49.004,1.41407,1.41431,1.88,1.43
2011.10.21 11:10:49.684,1.414,1.41433,1.39,1.13
2011.10.21 11:10:50.232,1.41406,1.41433,1.88,2.63
2011.10.21 11:10:50.763,1.41406,1.41433,1.88,1.88
2011.10.21 11:10:54.143,1.41406,1.41432,1.88,1.88
2011.10.21 11:10:55.425,1.41398,1.41431,1.01,1.50
2011.10.21 11:10:56.654,1.41397,1.41431,1.88,2.63
2011.10.21 11:10:57.015,1.41396,1.41426,1.88,1.88
2011.10.21 11:10:57.373,1.41388,1.41423,1.13,1.13
2011.10.21 11:11:06.302,1.41387,1.41418,1.88,1.88
2011.10.21 11:11:06.424,1.41387,1.41418,1.88,2.63
2011.10.21 11:11:12.823,1.41387,1.41418,2.63,1.50
2011.10.21 11:11:12.946,1.41388,1.41418,1.50,1.13
2011.10.21 11:11:13.321,1.41392,1.41423,1.01,1.13
2011.10.21 11:11:13.929,1.41397,1.41423,1.88,1.13
2011.10.21 11:11:15.326,1.41397,1.41424,1.88,1.13
2011.10.21 11:11:15.746,1.41396,1.41424,1.88,1.13
2011.10.21 11:11:16.513,1.41396,1.41424,1.88,1.13
2011.10.21 11:11:16.741,1.41396,1.41424,1.88,1.13
2011.10.21 11:11:18.146,1.41407,1.41424,1.88,1.13
2011.10.21 11:11:18.733,1.41399,1.41423,1.01,1.13
2011.10.21 11:11:18.975,1.41396,1.41423,1.88,1.13
2011.10.21 11:11:20.044,1.41396,1.41423,1.88,1.13
2011.10.21 11:11:21.103,1.41396,1.41423,1.88,1.13
2011.10.21 11:11:21.231,1.41396,1.41423,2.25,1.13
2011.10.21 11:11:21.728,1.41407,1.41423,1.88,1.13
2011.10.21 11:11:22.093,1.41396,1.41423,1.88,1.13
2011.10.21 11:11:22.672,1.41396,1.41424,3.38,1.13
2011.10.21 11:11:23.024,1.41399,1.41423,1.13,1.13
2011.10.21 11:11:23.622,1.41407,1.41433,1.88,1.88
2011.10.21 11:11:24.330,1.41404,1.41433,1.13,2.93
2011.10.21 11:11:24.754,1.41399,1.41434,1.76,1.50
2011.10.21 11:11:25.103,1.41399,1.41434,2.14,1.13
2011.10.21 11:11:25.613,1.41399,1.41434,2.22,1.13
2011.10.21 11:11:26.028,1.41399,1.41434,1.84,1.13
2011.10.21 11:11:26.393,1.41406,1.41433,1.88,1.13
2011.10.21 11:11:26.752,1.41406,1.41434,1.88,1.13
2011.10.21 11:11:29.092,1.41406,1.41434,1.88,1.13
2011.10.21 11:11:29.798,1.41406,1.41434,1.88,1.50
2011.10.21 11:11:30.392,1.41407,1.41433,1.88,1.13
2011.10.21 11:11:31.223,1.41407,1.41432,1.88,1.13
2011.10.21 11:11:31.903,1.41407,1.41434,1.88,1.13
2011.10.21 11:11:32.613,1.41407,1.41433,1.88,1.47
2011.10.21 11:11:33.078,1.41407,1.41429,1.88,1.50
2011.10.21 11:11:33.708,1.41402,1.4143,1.13,1.50
2011.10.21 11:11:34.097,1.41406,1.41434,1.88,1.13
2011.10.21 11:11:35.054,1.41406,1.41434,1.88,1.13
2011.10.21 11:11:35.655,1.41406,1.41434,1.88,1.13
2011.10.21 11:11:36.733,1.41406,1.41435,1.88,1.88
2011.10.21 11:11:37.455,1.41406,1.41434,2.22,1.13
2011.10.21 11:11:37.576,1.41406,1.41434,2.97,1.13
2011.10.21 11:11:37.944,1.4141,1.41435,1.13,1.13
2011.10.21 11:11:39.263,1.4141,1.41435,1.13,1.13
2011.10.21 11:11:42.977,1.41417,1.41434,1.88,1.13
2011.10.21 11:11:44.671,1.41417,1.41434,1.88,1.13
2011.10.21 11:11:45.861,1.41411,1.41438,1.13,1.13
2011.10.21 11:11:46.463,1.41411,1.41441,1.13,1.50
2011.10.21 11:11:46.945,1.41417,1.41441,2.25,2.25
2011.10.21 11:11:47.307,1.41417,1.41441,2.25,2.25
2011.10.21 11:11:47.908,1.41417,1.41441,1.88,1.50
2011.10.21 11:11:48.398,1.41419,1.41436,1.84,1.50
2011.10.21 11:11:48.984,1.41421,1.41445,1.09,1.50
2011.10.21 11:11:49.116,1.41416,1.41445,1.88,1.50
2011.10.21 11:11:49.484,1.41416,1.41441,1.88,1.50
2011.10.21 11:11:51.921,1.4141,1.41441,1.01,2.25
2011.10.21 11:11:52.511,1.41411,1.41441,1.01,2.25
2011.10.21 11:11:54.557,1.41411,1.41444,1.01,1.50
2011.10.21 11:11:55.032,1.4141,1.41442,1.39,2.25
2011.10.21 11:12:02.722,1.41412,1.41445,1.13,1.50
2011.10.21 11:12:03.296,1.41416,1.41445,1.88,1.50
2011.10.21 11:12:03.427,1.41416,1.41445,2.63,1.50
2011.10.21 11:12:03.797,1.41419,1.41451,1.13,2.25
2011.10.21 11:12:04.410,1.41426,1.41451,1.88,1.50
2011.10.21 11:12:04.897,1.41426,1.41452,2.25,1.50
2011.10.21 11:12:05.604,1.41436,1.41452,1.50,1.50
2011.10.21 11:12:05.966,1.41437,1.41456,1.88,1.50
2011.10.21 11:12:09.632,1.41437,1.41459,1.88,1.50
2011.10.21 11:12:09.860,1.41437,1.41462,1.88,1.50
2011.10.21 11:12:11.254,1.41437,1.41462,1.88,1.50
2011.10.21 11:12:11.853,1.41436,1.41463,1.88,2.25
2011.10.21 11:12:12.441,1.41436,1.41463,1.88,2.25
2011.10.21 11:12:12.802,1.41436,1.41458,1.88,1.50
2011.10.21 11:12:13.796,1.41438,1.41463,1.13,2.25
2011.10.21 11:12:14.665,1.41436,1.41463,1.88,1.50
2011.10.21 11:12:14.793,1.41436,1.41463,1.88,1.50
2011.10.21 11:12:14.914,1.41436,1.41464,2.63,1.50
2011.10.21 11:12:15.272,1.41438,1.41464,1.13,1.50
2011.10.21 11:12:15.923,1.41446,1.41464,1.88,1.50
2011.10.21 11:12:16.492,1.41446,1.41464,1.88,1.50
2011.10.21 11:12:17.063,1.41446,1.41466,1.88,1.50
2011.10.21 11:12:22.794,1.41437,1.41468,2.63,1.50
2011.10.21 11:12:23.032,1.41438,1.41469,1.13,2.25
2011.10.21 11:12:23.152,1.41437,1.41469,1.88,2.25
2011.10.21 11:12:23.741,1.41437,1.41468,1.88,1.50
2011.10.21 11:12:23.970,1.41437,1.41468,1.88,1.50
2011.10.21 11:12:24.311,1.41437,1.41468,1.88,1.50
2011.10.21 11:12:24.654,1.41446,1.41468,1.50,1.50
2011.10.21 11:12:24.896,1.41446,1.41469,1.50,1.50
2011.10.21 11:12:25.498,1.41437,1.41469,1.13,1.50
2011.10.21 11:12:26.134,1.41446,1.41469,1.88,1.50
2011.10.21 11:12:26.864,1.41447,1.41471,1.88,1.50
2011.10.21 11:12:27.338,1.41447,1.41474,2.25,1.13
2011.10.21 11:12:27.692,1.41457,1.41473,1.88,1.13
2011.10.21 11:12:29.072,1.41457,1.41473,1.88,1.13
2011.10.21 11:12:30.912,1.41447,1.41473,1.88,1.88
2011.10.21 11:12:31.512,1.41456,1.41471,1.88,1.50
2011.10.21 11:12:32.091,1.41456,1.41474,1.88,2.63
2011.10.21 11:12:32.761,1.41456,1.4147,1.88,1.50
2011.10.21 11:12:32.890,1.41446,1.41473,2.25,1.50
2011.10.21 11:12:33.475,1.41447,1.41472,1.88,1.50
2011.10.21 11:12:33.715,1.4144,1.41472,1.01,1.50
2011.10.21 11:12:34.073,1.41447,1.41472,1.88,1.50
2011.10.21 11:12:35.763,1.41447,1.41472,1.88,1.50
2011.10.21 11:12:37.152,1.41447,1.41472,1.88,1.50
2011.10.21 11:12:37.390,1.41447,1.41474,1.88,1.50
2011.10.21 11:12:37.735,1.41447,1.41474,1.88,1.50
2011.10.21 11:12:38.085,1.41436,1.41471,3.00,1.88
2011.10.21 11:12:38.326,1.41439,1.41474,1.01,5.83
2011.10.21 11:12:38.577,1.41436,1.4147,2.63,1.13
2011.10.21 11:12:38.812,1.41436,1.41469,1.88,1.50
2011.10.21 11:12:41.511,1.41436,1.41471,2.25,1.50
2011.10.21 11:12:42.524,1.41436,1.41471,2.63,1.50
2011.10.21 11:12:42.765,1.41438,1.41474,1.50,2.63
2011.10.21 11:12:42.883,1.41446,1.41474,1.50,1.13
2011.10.21 11:12:45.246,1.41446,1.41477,3.00,1.50
2011.10.21 11:12:45.494,1.41453,1.4149,2.85,2.25
2011.10.21 11:12:45.612,1.41467,1.41489,1.88,1.50
2011.10.21 11:12:45.974,1.41457,1.41487,1.88,1.50
2011.10.21 11:12:46.552,1.41456,1.41487,1.88,1.50
2011.10.21 11:12:47.152,1.41457,1.41486,1.88,1.50
2011.10.21 11:12:47.514,1.41457,1.41484,2.25,1.50
2011.10.21 11:12:48.327,1.41457,1.41483,2.14,1.50
2011.10.21 11:12:48.454,1.41457,1.41483,1.88,1.50
2011.10.21 11:12:48.692,1.41466,1.41483,1.50,1.50
2011.10.21 11:12:48.814,1.41457,1.41483,1.88,1.50
2011.10.21 11:12:49.354,1.41456,1.41485,1.88,1.50
2011.10.21 11:12:49.923,1.41457,1.41483,1.88,1.50
2011.10.21 11:12:50.513,1.41456,1.41483,1.88,1.50
2011.10.21 11:12:53.252,1.41456,1.41483,1.88,1.13
2011.10.21 11:12:53.493,1.41457,1.41487,1.88,1.50
2011.10.21 11:12:53.618,1.41457,1.41489,2.14,1.13
2011.10.21 11:12:53.748,1.41457,1.41487,1.88,1.13
2011.10.21 11:12:54.111,1.41466,1.41491,1.88,2.25
2011.10.21 11:12:54.491,1.41466,1.41491,1.88,1.50
2011.10.21 11:12:55.585,1.41467,1.41492,1.88,1.50
2011.10.21 11:12:55.706,1.41467,1.41494,1.88,1.50
2011.10.21 11:12:55.835,1.41476,1.41494,1.88,1.50
2011.10.21 11:13:02.333,1.41477,1.41502,1.88,1.50
2011.10.21 11:13:02.682,1.41477,1.41502,1.88,1.50
2011.10.21 11:13:03.888,1.41476,1.41502,1.88,1.50
2011.10.21 11:13:05.762,1.41467,1.41501,2.25,1.50
2011.10.21 11:13:06.583,1.41476,1.41501,1.88,1.50
2011.10.21 11:13:07.442,1.41467,1.41496,1.88,1.50
2011.10.21 11:13:08.043,1.41466,1.41496,1.88,1.50
2011.10.21 11:13:08.501,1.41466,1.41496,2.63,1.50
2011.10.21 11:13:08.852,1.41477,1.41496,1.88,1.50
2011.10.21 11:13:13.847,1.41467,1.41493,1.88,2.25
2011.10.21 11:13:14.441,1.41466,1.41493,1.88,2.25
2011.10.21 11:13:15.236,1.41464,1.41493,1.13,3.00
2011.10.21 11:13:16.670,1.41466,1.41493,1.50,2.25
2011.10.21 11:13:17.265,1.41458,1.41493,1.76,2.25
2011.10.21 11:13:21.464,1.41466,1.41493,1.50,2.25
2011.10.21 11:13:30.023,1.41457,1.41486,1.88,1.13
2011.10.21 11:13:32.993,1.41453,1.41486,1.13,2.25
2011.10.21 11:13:33.744,1.41453,1.41486,1.13,2.25
2011.10.21 11:13:34.587,1.41456,1.41484,1.88,1.50
2011.10.21 11:13:34.955,1.41456,1.41482,1.88,1.50
2011.10.21 11:13:35.767,1.41456,1.41488,1.50,1.09
2011.10.21 11:13:36.375,1.41457,1.41488,1.88,1.09
2011.10.21 11:13:37.522,1.41453,1.41487,1.13,1.50
2011.10.21 11:13:37.643,1.41457,1.41485,1.88,1.50
2011.10.21 11:13:38.253,1.41452,1.41485,1.39,1.50
2011.10.21 11:13:38.390,1.41451,1.41482,1.13,1.13
2011.10.21 11:13:38.747,1.41446,1.41482,2.63,1.13
2011.10.21 11:13:38.997,1.41447,1.41483,2.22,2.55
2011.10.21 11:13:39.244,1.41447,1.41482,2.22,1.13
2011.10.21 11:13:39.609,1.41456,1.41487,1.88,1.88
2011.10.21 11:13:40.859,1.41467,1.41495,1.88,1.56
2011.10.21 11:13:41.336,1.41467,1.41502,2.25,1.33
2011.10.21 11:13:42.405,1.41467,1.41501,2.51,2.25
2011.10.21 11:13:43.094,1.41472,1.41501,1.13,1.13
2011.10.21 11:13:43.578,1.41476,1.41506,2.25,1.05
2011.10.21 11:13:43.828,1.41479,1.41509,1.13,1.50
2011.10.21 11:13:43.954,1.41487,1.41509,1.88,1.50
2011.10.21 11:13:44.314,1.41486,1.41514,1.88,1.50
2011.10.21 11:13:44.942,1.41486,1.41514,1.88,2.25
2011.10.21 11:13:46.825,1.41486,1.41515,1.88,2.25
2011.10.21 11:13:47.793,1.41497,1.41519,1.88,1.50
2011.10.21 11:13:48.029,1.41487,1.41519,1.88,1.50
2011.10.21 11:13:48.156,1.41487,1.41517,1.88,1.50
2011.10.21 11:13:48.525,1.41486,1.41513,2.63,1.11
2011.10.21 11:13:48.890,1.41477,1.415,1.88,2.25
2011.10.21 11:13:50.605,1.41487,1.41507,1.88,1.50
2011.10.21 11:13:50.724,1.41487,1.41507,1.88,1.50
2011.10.21 11:13:51.323,1.41487,1.41508,2.25,1.50
2011.10.21 11:13:52.552,1.4148,1.41509,1.13,1.50
2011.10.21 11:13:52.896,1.41486,1.41509,1.13,1.50
2011.10.21 11:13:53.144,1.41494,1.41516,1.50,1.50
2011.10.21 11:13:53.268,1.41493,1.41521,1.50,1.50
2011.10.21 11:13:53.873,1.41496,1.41523,1.09,1.50
2011.10.21 11:13:55.756,1.41496,1.41523,1.88,1.13
2011.10.21 11:13:55.884,1.41487,1.41519,1.13,1.50
2011.10.21 11:13:56.122,1.41487,1.41519,1.01,1.50
2011.10.21 11:13:56.352,1.41489,1.41525,1.35,1.50
2011.10.21 11:13:57.151,1.41489,1.41523,1.35,1.50
2011.10.21 11:13:57.865,1.41497,1.41523,1.88,1.50
2011.10.21 11:13:59.284,1.41497,1.41523,1.88,1.50
2011.10.21 11:14:00.255,1.41497,1.41523,2.25,1.50
2011.10.21 11:14:00.618,1.41506,1.41523,1.88,1.88
2011.10.21 11:14:00.749,1.41496,1.41521,2.14,1.50
2011.10.21 11:14:01.483,1.41496,1.41522,1.88,1.50
2011.10.21 11:14:02.330,1.41494,1.41522,1.13,1.13
2011.10.21 11:14:02.460,1.41496,1.41523,1.13,1.13
2011.10.21 11:14:02.830,1.41498,1.41522,1.50,1.13
2011.10.21 11:14:03.075,1.41497,1.41522,1.88,1.13
2011.10.21 11:14:03.626,1.41497,1.41522,2.25,1.13
2011.10.21 11:14:04.384,1.41496,1.41522,2.51,1.13
2011.10.21 11:14:04.987,1.41501,1.41529,1.13,2.25
2011.10.21 11:14:05.117,1.41502,1.41534,1.39,1.50
2011.10.21 11:14:05.668,1.41509,1.41534,1.13,1.50
2011.10.21 11:14:05.804,1.41517,1.41541,1.88,3.00
2011.10.21 11:14:05.923,1.41517,1.41541,1.88,2.25
2011.10.21 11:14:06.529,1.41516,1.41544,1.01,1.50
2011.10.21 11:14:07.017,1.41516,1.41546,2.51,1.50
2011.10.21 11:14:07.147,1.41516,1.41545,1.01,1.50
2011.10.21 11:14:07.278,1.41516,1.41545,1.01,1.50
2011.10.21 11:14:08.070,1.41512,1.41546,1.01,2.25
2011.10.21 11:14:08.426,1.4151,1.41539,1.01,1.50
2011.10.21 11:14:09.133,1.41509,1.41539,1.01,1.50
2011.10.21 11:14:10.141,1.41513,1.41541,1.39,1.50
2011.10.21 11:14:10.282,1.41515,1.41541,1.39,1.50
2011.10.21 11:14:10.886,1.41515,1.41541,1.39,1.50
2011.10.21 11:14:11.249,1.41514,1.41543,1.88,2.25
2011.10.21 11:14:11.373,1.41514,1.41543,1.88,1.50
2011.10.21 11:14:11.963,1.41516,1.41543,1.88,1.50
2011.10.21 11:14:12.589,1.4151,1.41543,1.01,1.50
2011.10.21 11:14:12.713,1.41521,1.41543,1.13,1.50
2011.10.21 11:14:13.074,1.41526,1.41546,1.88,1.50
2011.10.21 11:14:14.375,1.4153,1.41547,1.84,1.50
2011.10.21 11:14:14.926,1.41534,1.41555,1.01,1.50
2011.10.21 11:14:15.067,1.41531,1.41562,1.39,1.50
2011.10.21 11:14:15.197,1.4154,1.41563,2.59,3.38
2011.10.21 11:14:15.570,1.41547,1.4157,4.47,1.50
2011.10.21 11:14:16.058,1.41547,1.4157,1.50,1.50
2011.10.21 11:14:17.614,1.41546,1.41574,1.88,1.50
2011.10.21 11:14:17.733,1.41546,1.41574,2.63,1.50
2011.10.21 11:14:17.855,1.41549,1.41579,1.88,2.25
2011.10.21 11:14:18.092,1.41549,1.41579,1.50,1.50
2011.10.21 11:14:18.335,1.41549,1.41579,2.14,1.50
2011.10.21 11:14:18.913,1.41556,1.41578,1.88,1.50
2011.10.21 11:14:19.269,1.41549,1.41578,2.14,1.50
2011.10.21 11:14:20.573,1.41545,1.41578,1.76,2.25
2011.10.21 11:14:20.933,1.41549,1.41578,2.14,2.25
2011.10.21 11:14:21.056,1.41549,1.41578,1.76,2.25
2011.10.21 11:14:21.620,1.41547,1.41578,3.75,1.50
2011.10.21 11:14:22.185,1.41549,1.41578,1.76,2.25
2011.10.21 11:14:23.053,1.41549,1.41577,1.50,1.50
2011.10.21 11:14:23.415,1.41554,1.41578,1.01,1.50
2011.10.21 11:14:24.456,1.41554,1.41577,1.01,1.50
2011.10.21 11:14:25.035,1.41556,1.41578,2.14,1.50
2011.10.21 11:14:25.914,1.41557,1.41578,1.09,1.50
2011.10.21 11:14:26.276,1.41559,1.41579,1.01,1.50
2011.10.21 11:14:27.005,1.41557,1.41581,1.01,1.50
2011.10.21 11:14:27.365,1.41556,1.41584,2.89,2.25
2011.10.21 11:14:27.487,1.41549,1.41583,1.50,1.50
2011.10.21 11:14:27.617,1.41556,1.41583,2.89,1.50
2011.10.21 11:14:28.213,1.41556,1.41583,1.01,1.50
2011.10.21 11:14:28.452,1.41555,1.41584,1.13,2.25
2011.10.21 11:14:29.064,1.41556,1.41583,1.88,2.25
2011.10.21 11:14:29.303,1.41556,1.41582,1.88,1.50
2011.10.21 11:14:29.782,1.41557,1.41583,1.88,1.50
2011.10.21 11:14:30.134,1.41557,1.41584,4.13,2.25
2011.10.21 11:14:30.365,1.41566,1.41588,1.01,1.50
2011.10.21 11:14:30.608,1.41565,1.41584,1.50,1.50
2011.10.21 11:14:31.100,1.41557,1.41579,2.63,1.50
2011.10.21 11:14:31.238,1.41547,1.41574,2.14,1.50
2011.10.21 11:14:35.311,1.41547,1.41576,2.14,2.25
2011.10.21 11:14:36.875,1.41546,1.4157,2.14,1.50
2011.10.21 11:14:37.233,1.41546,1.41568,1.88,1.50
2011.10.21 11:14:40.160,1.41547,1.41567,1.50,1.50
2011.10.21 11:14:40.293,1.41536,1.41567,3.00,1.50
2011.10.21 11:14:40.422,1.41537,1.41563,1.88,1.50
2011.10.21 11:14:40.666,1.41536,1.41559,1.88,1.50
2011.10.21 11:14:41.438,1.41536,1.41559,1.88,1.50
2011.10.21 11:14:41.572,1.41536,1.41559,1.88,1.50
2011.10.21 11:14:42.843,1.41529,1.41558,1.01,1.50
2011.10.21 11:14:43.425,1.41526,1.41555,2.14,1.50
2011.10.21 11:14:43.670,1.41526,1.41555,1.88,1.88
2011.10.21 11:14:44.434,1.41526,1.41555,1.88,1.13
2011.10.21 11:14:45.036,1.41527,1.41552,1.88,1.50
2011.10.21 11:14:45.404,1.41526,1.41551,2.22,1.50
2011.10.21 11:14:45.767,1.41536,1.41558,2.14,1.50
2011.10.21 11:14:46.669,1.41527,1.41559,2.14,1.50
2011.10.21 11:14:47.262,1.41536,1.4156,1.88,1.50
2011.10.21 11:14:47.612,1.41537,1.41564,1.88,1.50
2011.10.21 11:14:48.204,1.41537,1.41564,1.88,1.50
2011.10.21 11:14:48.771,1.41537,1.41564,1.88,1.50
2011.10.21 11:14:50.091,1.41537,1.41564,1.88,1.50
2011.10.21 11:14:50.626,1.41537,1.4156,1.88,1.50
2011.10.21 11:14:50.768,1.41527,1.41552,1.88,1.13
2011.10.21 11:14:51.255,1.41527,1.41552,2.14,1.50
2011.10.21 11:14:51.853,1.41526,1.41555,2.51,1.50
2011.10.21 11:14:52.094,1.41536,1.41556,1.88,1.88
2011.10.21 11:14:52.459,1.41536,1.41555,1.88,1.50
2011.10.21 11:14:52.592,1.41527,1.41555,2.51,2.25
2011.10.21 11:14:53.113,1.41526,1.41558,2.51,1.50
2011.10.21 11:14:53.357,1.41535,1.41558,1.01,1.50
2011.10.21 11:14:53.962,1.41537,1.41562,1.88,1.13
2011.10.21 11:14:56.194,1.41537,1.41562,1.88,1.13
2011.10.21 11:14:57.273,1.41537,1.41565,1.88,1.50
2011.10.21 11:14:57.944,1.41537,1.41565,1.88,1.50
2011.10.21 11:14:58.709,1.41532,1.41565,1.39,1.50
2011.10.21 11:14:59.088,1.41529,1.41552,2.25,2.25
2011.10.21 11:14:59.218,1.41519,1.41548,1.84,1.05
2011.10.21 11:14:59.946,1.4152,1.4155,1.50,1.50
2011.10.21 11:15:00.076,1.4152,1.4155,1.50,1.50
2011.10.21 11:15:00.840,1.4152,1.41546,1.13,1.50
2011.10.21 11:15:00.978,1.41516,1.4154,1.13,1.50
2011.10.21 11:15:01.826,1.41517,1.41544,1.88,1.50
2011.10.21 11:15:01.944,1.41511,1.41543,1.88,1.50
2011.10.21 11:15:02.307,1.41516,1.41544,2.63,1.50
2011.10.21 11:15:02.890,1.41516,1.41544,2.63,1.50
2011.10.21 11:15:03.028,1.41516,1.41545,2.63,1.50
2011.10.21 11:15:03.634,1.41516,1.41544,2.63,1.50
2011.10.21 11:15:04.439,1.41516,1.41544,2.63,1.50
2011.10.21 11:15:05.033,1.41516,1.41543,2.63,1.50
2011.10.21 11:15:05.743,1.41516,1.41543,1.88,1.13
2011.10.21 11:15:05.869,1.41516,1.41542,1.88,1.88
2011.10.21 11:15:06.248,1.41507,1.41526,1.88,1.13
2011.10.21 11:15:06.753,1.41507,1.41532,1.88,1.13
2011.10.21 11:15:07.518,1.41506,1.41531,1.88,1.13
2011.10.21 11:15:08.038,1.41506,1.41531,1.88,1.13
2011.10.21 11:15:08.884,1.41506,1.41531,1.88,1.13
2011.10.21 11:15:09.463,1.41506,1.41531,1.88,1.13
2011.10.21 11:15:09.586,1.41498,1.41531,1.13,1.13
2011.10.21 11:15:09.716,1.41498,1.41532,3.00,1.13
2011.10.21 11:15:10.473,1.41507,1.41532,1.88,1.13
2011.10.21 11:15:11.983,1.41507,1.41532,1.88,1.13
2011.10.21 11:15:12.573,1.41506,1.41532,2.25,1.13
2011.10.21 11:15:13.218,1.41506,1.41532,2.63,1.13
2011.10.21 11:15:13.807,1.41507,1.41532,1.13,1.13
2011.10.21 11:15:14.174,1.41516,1.4154,1.88,1.50
2011.10.21 11:15:14.862,1.41516,1.41537,1.88,2.04
2011.10.21 11:15:15.220,1.41507,1.41536,3.64,1.65
2011.10.21 11:15:16.034,1.41517,1.41537,1.88,2.04
2011.10.21 11:15:18.824,1.41516,1.41537,1.88,1.29
2011.10.21 11:15:19.415,1.41516,1.41536,1.88,1.10
2011.10.21 11:15:19.884,1.41519,1.41537,2.25,1.14
2011.10.21 11:15:20.485,1.41522,1.41541,2.14,1.44
2011.10.21 11:15:21.351,1.41526,1.4154,1.13,1.44
2011.10.21 11:15:21.732,1.41529,1.41553,1.47,1.50
2011.10.21 11:15:22.098,1.41532,1.41552,1.01,1.50
2011.10.21 11:15:22.226,1.41532,1.41556,1.01,1.13
2011.10.21 11:15:23.770,1.41533,1.41556,1.01,1.13
2011.10.21 11:15:26.872,1.41534,1.41562,1.39,1.50
2011.10.21 11:15:27.468,1.41537,1.41563,1.01,1.13
2011.10.21 11:15:28.074,1.41537,1.41564,1.01,1.50
2011.10.21 11:15:28.632,1.41537,1.41564,1.01,1.50
2011.10.21 11:15:30.543,1.4153,1.41562,1.50,1.13
2011.10.21 11:15:30.902,1.41527,1.4156,1.01,1.50
2011.10.21 11:15:32.055,1.41529,1.4156,1.01,1.50
2011.10.21 11:15:33.042,1.41532,1.4156,1.13,1.50
2011.10.21 11:15:33.668,1.41536,1.4156,1.88,1.50
2011.10.21 11:15:33.796,1.41536,1.41561,1.88,1.50
2011.10.21 11:15:34.639,1.41536,1.41561,1.13,1.50
2011.10.21 11:15:35.006,1.41536,1.41566,2.63,1.13
2011.10.21 11:15:35.852,1.41536,1.41565,2.25,1.13
2011.10.21 11:15:36.101,1.41536,1.41562,1.01,1.50
2011.10.21 11:15:36.720,1.41536,1.41562,2.25,2.25
2011.10.21 11:15:36.968,1.41536,1.41562,1.88,2.25
2011.10.21 11:15:37.095,1.41527,1.4156,1.13,3.68
2011.10.21 11:15:37.683,1.41526,1.41556,2.63,1.50
2011.10.21 11:15:38.184,1.41524,1.41556,1.39,1.50
2011.10.21 11:15:38.423,1.41527,1.41554,2.25,1.13
2011.10.21 11:15:38.897,1.41521,1.41549,1.50,1.43
2011.10.21 11:15:39.026,1.41517,1.41547,1.50,1.13
2011.10.21 11:15:39.966,1.41521,1.41549,1.50,1.78
2011.10.21 11:15:40.097,1.41521,1.41551,1.76,1.50
2011.10.21 11:15:40.344,1.41527,1.41553,1.88,1.50
2011.10.21 11:15:40.923,1.41527,1.41554,1.88,1.88
2011.10.21 11:15:41.282,1.41527,1.41554,2.25,1.13
2011.10.21 11:15:41.864,1.41526,1.41554,2.63,1.13
2011.10.21 11:15:42.093,1.41526,1.41554,2.25,1.13
2011.10.21 11:15:42.626,1.41523,1.41554,1.50,1.13
2011.10.21 11:15:43.326,1.41527,1.41554,2.63,1.13
2011.10.21 11:15:43.925,1.41527,1.41554,2.63,1.13
2011.10.21 11:15:44.388,1.41526,1.41553,1.88,1.13
2011.10.21 11:15:44.517,1.41521,1.41544,1.13,1.84
2011.10.21 11:15:45.102,1.41521,1.41537,1.13,1.09
2011.10.21 11:15:45.478,1.41506,1.41515,1.88,1.13
2011.10.21 11:15:45.611,1.41486,1.41515,1.88,1.47
2011.10.21 11:15:45.738,1.41486,1.41513,1.88,2.22
2011.10.21 11:15:46.108,1.41487,1.41513,1.88,1.47
2011.10.21 11:15:46.476,1.41497,1.41521,1.13,1.43
2011.10.21 11:15:46.608,1.41496,1.4152,1.88,1.50
2011.10.21 11:15:46.734,1.41496,1.4152,1.88,1.50
2011.10.21 11:15:47.376,1.41496,1.41514,1.88,1.13
2011.10.21 11:15:47.527,1.41487,1.41519,2.63,1.50
2011.10.21 11:15:47.654,1.4149,1.41521,1.13,1.50
2011.10.21 11:15:48.246,1.4149,1.41521,1.13,1.50
2011.10.21 11:15:48.833,1.41497,1.41521,2.63,1.50
2011.10.21 11:15:50.854,1.41497,1.41521,1.88,1.50
2011.10.21 11:15:51.692,1.4149,1.41521,1.09,1.50
2011.10.21 11:15:51.816,1.41486,1.41519,2.59,1.13
2011.10.21 11:15:52.974,1.41488,1.4152,1.09,1.13
2011.10.21 11:15:54.716,1.41491,1.41524,1.50,1.13
2011.10.21 11:15:54.835,1.41497,1.41531,1.13,1.84
2011.10.21 11:15:55.198,1.41497,1.41533,2.63,2.63
2011.10.21 11:15:55.682,1.41507,1.41533,1.50,1.13
2011.10.21 11:15:56.365,1.41506,1.41533,2.25,1.13
2011.10.21 11:15:56.987,1.41506,1.41534,2.63,1.50
2011.10.21 11:15:57.237,1.41506,1.41531,1.88,1.50
2011.10.21 11:15:57.844,1.41497,1.41533,3.00,1.13
2011.10.21 11:15:58.314,1.41496,1.41527,1.88,1.50
2011.10.21 11:15:58.675,1.41496,1.41521,1.88,1.50
2011.10.21 11:15:59.672,1.41487,1.41521,2.25,2.25
2011.10.21 11:16:03.404,1.41487,1.41521,2.63,1.88
2011.10.21 11:16:04.457,1.41487,1.41521,2.25,1.88
2011.10.21 11:16:04.977,1.41487,1.41519,2.25,1.50
2011.10.21 11:16:05.465,1.41487,1.41515,2.25,1.50
2011.10.21 11:16:06.764,1.41487,1.41512,1.88,1.84
2011.10.21 11:16:07.124,1.41476,1.41509,2.25,1.50
2011.10.21 11:16:07.357,1.41486,1.41511,1.50,1.47
2011.10.21 11:16:07.819,1.41486,1.41512,1.50,1.47
2011.10.21 11:16:08.326,1.41486,1.41514,1.88,1.50
2011.10.21 11:16:12.263,1.41486,1.41508,1.88,1.09
2011.10.21 11:16:12.385,1.41477,1.41502,1.88,1.50
2011.10.21 11:16:12.624,1.41476,1.41506,1.13,1.03
2011.10.21 11:16:14.686,1.41481,1.41513,1.13,1.50
2011.10.21 11:16:14.927,1.41479,1.41513,3.00,1.50
2011.10.21 11:16:17.553,1.41487,1.41513,2.63,1.50
2011.10.21 11:16:17.913,1.41496,1.41513,1.50,1.50
2011.10.21 11:16:18.034,1.41487,1.41513,1.88,1.50
2011.10.21 11:16:18.152,1.41487,1.41513,2.63,1.50
2011.10.21 11:16:18.274,1.41487,1.41513,1.88,1.50
2011.10.21 11:16:18.514,1.41486,1.41511,2.63,1.50
2011.10.21 11:16:18.638,1.41486,1.41514,2.63,1.50
2011.10.21 11:16:18.885,1.41494,1.41514,1.09,1.50
2011.10.21 11:16:19.005,1.41498,1.41526,1.50,1.13
2011.10.21 11:16:19.125,1.41498,1.41523,2.25,1.50
2011.10.21 11:16:19.878,1.415,1.41523,1.09,1.50
2011.10.21 11:16:20.017,1.41506,1.4153,1.88,1.50
2011.10.21 11:16:20.505,1.41517,1.41535,1.50,1.43
2011.10.21 11:16:20.626,1.41517,1.41537,1.50,1.50
2011.10.21 11:16:21.745,1.41516,1.41537,1.88,1.50
2011.10.21 11:16:23.034,1.41516,1.41542,1.88,1.50
2011.10.21 11:16:23.637,1.41517,1.41542,1.88,1.50
2011.10.21 11:16:23.764,1.41517,1.41544,1.88,1.50
2011.10.21 11:16:23.885,1.41517,1.41546,1.88,1.50
2011.10.21 11:16:24.553,1.41517,1.41546,1.88,1.50
2011.10.21 11:16:27.357,1.41515,1.41547,1.09,1.50
2011.10.21 11:16:27.725,1.4152,1.41553,1.13,1.50
2011.10.21 11:16:28.481,1.41516,1.41552,1.13,1.13
2011.10.21 11:16:29.393,1.41516,1.41552,1.50,1.13
2011.10.21 11:16:30.096,1.41516,1.41552,1.50,1.13
2011.10.21 11:16:31.407,1.41517,1.41553,3.34,1.50
2011.10.21 11:16:31.535,1.41517,1.41548,1.88,1.13
2011.10.21 11:16:32.144,1.41516,1.41548,1.13,1.13
2011.10.21 11:16:32.762,1.41516,1.41552,2.51,1.88
2011.10.21 11:16:34.797,1.41517,1.41552,1.01,1.88
2011.10.21 11:16:35.344,1.41517,1.41552,1.01,1.88
2011.10.21 11:16:36.103,1.41516,1.41552,2.51,1.88
2011.10.21 11:16:36.914,1.41516,1.41552,2.51,1.88
2011.10.21 11:16:37.899,1.41517,1.41552,1.01,1.88
2011.10.21 11:16:40.363,1.41516,1.41548,1.39,1.13
2011.10.21 11:16:41.055,1.41516,1.41548,1.39,1.13
2011.10.21 11:16:41.750,1.41516,1.41548,1.13,1.13
2011.10.21 11:16:41.889,1.4151,1.41542,1.39,1.09
2011.10.21 11:16:42.625,1.41508,1.41542,1.88,1.09
2011.10.21 11:16:44.238,1.41509,1.41544,1.50,1.09
2011.10.21 11:16:48.475,1.41516,1.41546,1.50,1.13
2011.10.21 11:16:48.722,1.41518,1.41546,1.39,1.09
2011.10.21 11:16:49.163,1.41516,1.41546,1.13,1.09
2011.10.21 11:16:49.289,1.41508,1.41546,1.50,1.47
2011.10.21 11:16:52.828,1.41509,1.41543,1.50,1.88
2011.10.21 11:16:53.336,1.4151,1.41543,1.50,1.88
2011.10.21 11:16:53.682,1.4151,1.41546,1.50,1.09
2011.10.21 11:16:53.931,1.41513,1.41552,1.50,1.03
2011.10.21 11:16:54.061,1.41515,1.41553,1.88,2.91
2011.10.21 11:16:54.669,1.41515,1.41553,1.73,3.38
2011.10.21 11:16:55.233,1.41519,1.41553,1.50,1.13
2011.10.21 11:16:56.896,1.41517,1.41555,2.63,2.25
2011.10.21 11:16:57.137,1.41527,1.41555,1.88,2.25
2011.10.21 11:16:57.719,1.41519,1.41553,1.50,2.63
2011.10.21 11:16:57.846,1.41525,1.41555,1.01,1.50
2011.10.21 11:16:58.765,1.41526,1.4156,2.14,3.15
2011.10.21 11:17:00.641,1.41526,1.41554,1.88,1.50
2011.10.21 11:17:01.607,1.41527,1.41552,1.50,1.13
2011.10.21 11:17:03.061,1.41527,1.41557,1.50,1.88
2011.10.21 11:17:03.666,1.41528,1.41554,1.01,1.88
2011.10.21 11:17:03.789,1.41528,1.41559,1.01,1.50
2011.10.21 11:17:04.373,1.41531,1.41561,1.13,1.50
2011.10.21 11:17:05.054,1.41537,1.41561,1.50,1.50
2011.10.21 11:17:05.644,1.41537,1.41564,1.50,2.63
2011.10.21 11:17:05.888,1.41532,1.41564,1.39,1.13
2011.10.21 11:17:06.462,1.41532,1.41564,1.13,2.63
2011.10.21 11:17:07.053,1.41532,1.41564,1.50,2.63
2011.10.21 11:17:08.531,1.41532,1.41564,1.50,1.13
2011.10.21 11:17:08.899,1.41535,1.41564,1.01,2.25
2011.10.21 11:17:09.426,1.41535,1.41564,1.01,2.25
2011.10.21 11:17:10.004,1.41536,1.41564,2.25,1.50
2011.10.21 11:17:11.054,1.41536,1.41564,1.88,1.50
2011.10.21 11:17:13.255,1.41537,1.41564,1.88,1.50
2011.10.21 11:17:14.683,1.4153,1.41564,1.39,1.50
2011.10.21 11:17:20.748,1.41533,1.41564,1.50,3.00
2011.10.21 11:17:20.998,1.41529,1.41558,1.09,1.13
2011.10.21 11:17:21.126,1.41536,1.41558,1.88,1.50
2011.10.21 11:17:23.527,1.4153,1.41559,2.63,1.50
2011.10.21 11:17:23.891,1.41527,1.41559,3.64,1.50
2011.10.21 11:17:24.480,1.41527,1.41554,1.88,1.50
2011.10.21 11:17:25.085,1.41527,1.41552,1.88,1.50
2011.10.21 11:17:28.535,1.41518,1.41552,1.39,1.50
2011.10.21 11:17:29.093,1.41527,1.41552,1.50,1.50
2011.10.21 11:17:29.852,1.41526,1.41552,1.88,1.50
2011.10.21 11:17:30.099,1.4152,1.41552,1.13,1.50
2011.10.21 11:17:30.228,1.41516,1.41546,2.63,1.50
2011.10.21 11:17:30.721,1.41525,1.41546,1.09,1.50
2011.10.21 11:17:31.092,1.41531,1.41558,2.25,1.50
2011.10.21 11:17:32.225,1.41537,1.41557,1.88,1.50
2011.10.21 11:17:32.347,1.4153,1.41557,1.09,1.50
2011.10.21 11:17:33.186,1.41527,1.41558,2.89,1.50
2011.10.21 11:17:34.433,1.41527,1.41558,2.25,1.50
2011.10.21 11:17:37.168,1.41536,1.4156,1.50,1.50
2011.10.21 11:17:37.612,1.41527,1.4156,2.25,1.50
2011.10.21 11:17:38.087,1.41527,1.4156,2.25,1.50
2011.10.21 11:17:38.580,1.41526,1.41557,2.25,1.50
2011.10.21 11:17:39.582,1.4152,1.41552,1.01,1.50
2011.10.21 11:17:40.185,1.41518,1.41552,1.09,1.50
2011.10.21 11:17:40.789,1.41526,1.4155,1.88,1.13
2011.10.21 11:17:42.326,1.41521,1.4155,1.01,2.93
2011.10.21 11:17:42.809,1.41516,1.41546,2.51,1.84
2011.10.21 11:17:42.938,1.41517,1.41546,1.88,1.84
2011.10.21 11:17:43.072,1.41518,1.41546,1.01,1.50
2011.10.21 11:17:43.196,1.41518,1.41551,1.01,1.50
2011.10.21 11:17:43.319,1.41526,1.41551,1.88,1.50
2011.10.21 11:17:43.924,1.41526,1.4155,1.50,1.13
2011.10.21 11:17:44.967,1.41526,1.4155,1.50,1.50
2011.10.21 11:17:45.570,1.41517,1.41548,1.88,2.55
2011.10.21 11:17:45.824,1.41517,1.41544,1.88,1.50
2011.10.21 11:17:46.668,1.41516,1.41543,1.88,1.13
2011.10.21 11:17:49.704,1.41516,1.41548,1.88,1.13
2011.10.21 11:17:51.815,1.41516,1.41548,1.88,1.88
2011.10.21 11:17:52.223,1.41516,1.41544,1.88,1.50
2011.10.21 11:17:52.355,1.41516,1.41549,1.88,1.13
2011.10.21 11:17:52.935,1.41516,1.4155,2.25,1.50
2011.10.21 11:17:53.284,1.41517,1.4155,2.25,1.50
2011.10.21 11:17:53.852,1.41526,1.4155,1.88,1.50
2011.10.21 11:17:58.006,1.41516,1.41547,2.22,1.13
2011.10.21 11:17:58.368,1.41526,1.41545,1.50,1.50
2011.10.21 11:17:58.486,1.41516,1.41545,1.88,1.50
2011.10.21 11:17:59.928,1.41516,1.41539,1.88,1.50
2011.10.21 11:18:01.769,1.41516,1.41543,1.88,1.13
2011.10.21 11:18:05.613,1.4151,1.41543,1.50,1.09
2011.10.21 11:18:06.193,1.41516,1.41543,1.88,1.09
2011.10.21 11:18:09.078,1.41517,1.41545,1.88,1.50
2011.10.21 11:18:09.209,1.41517,1.41548,1.88,1.88
2011.10.21 11:18:09.995,1.41516,1.41548,1.88,1.50
2011.10.21 11:18:10.594,1.41516,1.41548,2.25,1.50
2011.10.21 11:18:11.074,1.41526,1.41548,1.50,1.50
2011.10.21 11:18:12.458,1.41517,1.41548,2.25,1.50
2011.10.21 11:18:13.336,1.41516,1.41545,2.25,1.50
2011.10.21 11:18:13.700,1.41519,1.41549,1.01,1.50
2011.10.21 11:18:13.826,1.41517,1.41551,2.59,2.25
2011.10.21 11:18:13.951,1.41527,1.41551,2.25,1.88
2011.10.21 11:18:14.082,1.41527,1.41551,1.50,1.50
2011.10.21 11:18:14.329,1.41526,1.41554,2.25,1.50
2011.10.21 11:18:14.458,1.41523,1.41556,1.13,1.50
2011.10.21 11:18:14.814,1.41526,1.41555,2.25,1.50
2011.10.21 11:18:15.211,1.41526,1.41552,2.25,1.50
2011.10.21 11:18:17.409,1.41526,1.41557,2.25,1.50
2011.10.21 11:18:19.745,1.41526,1.41555,2.25,1.50
2011.10.21 11:18:19.984,1.41517,1.4155,3.23,2.93
2011.10.21 11:18:20.817,1.41526,1.41551,1.88,1.50
2011.10.21 11:18:21.676,1.41526,1.41553,2.25,2.18
2011.10.21 11:18:22.024,1.41526,1.41555,2.25,1.50
2011.10.21 11:18:22.570,1.41526,1.41556,2.25,3.68
2011.10.21 11:18:24.126,1.41526,1.41557,1.88,1.50
2011.10.21 11:18:24.503,1.41533,1.41559,1.09,1.43
2011.10.21 11:18:24.634,1.41537,1.41563,1.01,1.88
2011.10.21 11:18:24.995,1.41532,1.41563,1.88,1.50
2011.10.21 11:18:25.358,1.41528,1.41554,1.84,1.88
2011.10.21 11:18:25.827,1.4153,1.41563,2.25,2.25
2011.10.21 11:18:29.581,1.41532,1.41564,1.50,2.63
2011.10.21 11:18:29.921,1.41529,1.41564,1.13,4.13
2011.10.21 11:18:31.623,1.41536,1.41564,1.88,2.25
2011.10.21 11:18:32.443,1.41536,1.41564,2.63,2.25
2011.10.21 11:18:32.688,1.41539,1.41569,1.13,1.50
2011.10.21 11:18:32.813,1.41546,1.41569,1.50,1.50
2011.10.21 11:18:34.446,1.41537,1.41569,1.01,1.50
2011.10.21 11:18:34.694,1.41546,1.4157,1.88,1.50
2011.10.21 11:18:37.861,1.41546,1.41573,1.88,1.50
2011.10.21 11:18:38.008,1.41547,1.41575,1.88,1.50
2011.10.21 11:18:38.605,1.41546,1.41577,1.88,1.50
2011.10.21 11:18:39.787,1.41546,1.4158,2.63,2.63
2011.10.21 11:18:39.915,1.41546,1.4158,2.63,1.88
2011.10.21 11:18:40.955,1.41546,1.41581,3.00,1.50
2011.10.21 11:18:41.555,1.41548,1.41582,1.50,1.50
2011.10.21 11:18:41.903,1.4155,1.41582,1.13,1.50
2011.10.21 11:18:42.025,1.4155,1.41583,1.88,2.63
2011.10.21 11:18:42.756,1.41551,1.41585,1.50,1.09
2011.10.21 11:18:47.985,1.41556,1.41585,1.88,1.09
2011.10.21 11:18:49.737,1.41557,1.41584,1.88,1.43
2011.10.21 11:18:50.698,1.41556,1.41585,1.88,1.09
2011.10.21 11:18:53.307,1.41557,1.41585,1.88,1.09
2011.10.21 11:18:54.275,1.41556,1.41585,1.88,1.09
2011.10.21 11:18:59.737,1.41555,1.41582,1.13,1.43
2011.10.21 11:18:59.858,1.41554,1.41585,1.50,2.89
2011.10.21 11:18:59.993,1.41555,1.41585,1.13,1.09
2011.10.21 11:19:00.118,1.41555,1.41585,1.13,1.09
2011.10.21 11:19:02.434,1.41554,1.41589,1.50,3.27
2011.10.21 11:19:03.116,1.41555,1.41588,1.13,1.77
2011.10.21 11:19:04.999,1.41553,1.41585,1.01,2.89
2011.10.21 11:19:05.702,1.4155,1.41585,1.39,2.89
2011.10.21 11:19:06.069,1.41553,1.41587,1.88,1.47
2011.10.21 11:19:06.879,1.41556,1.41586,1.13,1.47
2011.10.21 11:19:07.649,1.41549,1.41578,1.13,1.43
2011.10.21 11:19:08.021,1.41546,1.41581,1.13,2.52
2011.10.21 11:19:08.146,1.41542,1.41577,1.50,1.09
2011.10.21 11:19:08.387,1.41542,1.41578,1.88,1.09
2011.10.21 11:19:08.747,1.41559,1.41591,2.25,2.25
2011.10.21 11:19:09.236,1.41564,1.41592,1.13,1.50
2011.10.21 11:19:10.674,1.41566,1.41592,2.25,1.50
2011.10.21 11:19:10.805,1.41556,1.41592,4.13,1.50
2011.10.21 11:19:11.393,1.41567,1.41594,1.88,3.00
2011.10.21 11:19:12.427,1.41567,1.41594,2.63,1.50
2011.10.21 11:19:12.551,1.41569,1.41599,1.01,2.25
2011.10.21 11:19:12.681,1.41569,1.416,1.01,1.50
2011.10.21 11:19:12.810,1.41583,1.416,1.50,1.50
2011.10.21 11:19:13.709,1.41587,1.41617,2.89,1.50
2011.10.21 11:19:13.835,1.41587,1.41619,2.89,2.25
2011.10.21 11:19:14.201,1.41588,1.4162,1.13,1.50
2011.10.21 11:19:14.792,1.41597,1.4162,1.88,1.50
2011.10.21 11:19:16.754,1.41596,1.41623,2.85,1.50
2011.10.21 11:19:16.886,1.416,1.41628,1.50,1.50
2011.10.21 11:19:17.013,1.416,1.4163,1.50,1.50
2011.10.21 11:19:17.144,1.416,1.4163,1.50,1.50
2011.10.21 11:19:17.271,1.416,1.41631,1.09,1.50
2011.10.21 11:19:18.121,1.41603,1.41637,1.99,1.50
2011.10.21 11:19:18.283,1.41617,1.41646,2.51,1.03
2011.10.21 11:19:18.655,1.41596,1.41621,1.50,1.50
2011.10.21 11:19:18.902,1.41593,1.41625,1.09,1.50
2011.10.21 11:19:19.270,1.41589,1.41624,1.35,1.13
2011.10.21 11:19:19.775,1.41593,1.41624,1.35,1.13
2011.10.21 11:19:19.904,1.4159,1.41623,1.01,2.25
2011.10.21 11:19:20.031,1.41602,1.41627,2.18,1.88
2011.10.21 11:19:20.161,1.41604,1.41637,1.50,1.50
2011.10.21 11:19:20.287,1.41603,1.41635,1.13,1.84
2011.10.21 11:19:20.405,1.41599,1.41635,1.13,2.40
2011.10.21 11:19:20.532,1.41599,1.41633,1.50,1.03
2011.10.21 11:19:20.899,1.41606,1.41635,1.88,1.78
2011.10.21 11:19:21.259,1.41599,1.41625,1.13,1.43
2011.10.21 11:19:21.392,1.41592,1.41626,1.39,1.50
2011.10.21 11:19:21.957,1.4159,1.41622,1.39,1.03
2011.10.21 11:19:22.339,1.41587,1.41618,1.88,1.13
2011.10.21 11:19:22.709,1.41571,1.416,1.13,1.50
2011.10.21 11:19:23.075,1.41566,1.41597,2.63,2.25
2011.10.21 11:19:23.975,1.4156,1.41594,1.01,1.09
2011.10.21 11:19:24.218,1.41559,1.4159,1.13,1.09
2011.10.21 11:19:25.515,1.41553,1.41589,1.39,1.88
2011.10.21 11:19:26.725,1.41559,1.41594,1.09,1.50
2011.10.21 11:19:27.088,1.41567,1.41596,1.76,1.50
2011.10.21 11:19:27.219,1.41571,1.41599,1.01,1.03
2011.10.21 11:19:27.354,1.41571,1.41603,1.01,1.09
2011.10.21 11:19:27.953,1.41571,1.41605,1.01,1.09
2011.10.21 11:19:28.317,1.4157,1.41602,1.01,1.50
2011.10.21 11:19:29.008,1.4157,1.41602,1.01,1.50
2011.10.21 11:19:29.378,1.41567,1.416,2.89,1.47
2011.10.21 11:19:29.746,1.4157,1.416,1.01,1.09
2011.10.21 11:19:29.867,1.4157,1.41596,1.01,1.50
2011.10.21 11:19:30.707,1.4157,1.416,1.01,1.09
2011.10.21 11:19:30.828,1.41567,1.416,2.89,2.22
2011.10.21 11:19:31.853,1.41567,1.416,1.01,1.47
2011.10.21 11:19:32.526,1.41567,1.416,1.01,2.22
2011.10.21 11:19:32.645,1.41567,1.41597,1.01,1.50
2011.10.21 11:19:33.009,1.41566,1.41592,1.39,1.09
2011.10.21 11:19:33.374,1.41567,1.41591,1.01,1.84
2011.10.21 11:19:33.738,1.41561,1.41591,1.01,1.84
2011.10.21 11:19:35.897,1.41557,1.41589,1.01,1.13
2011.10.21 11:19:36.016,1.41556,1.41589,2.51,1.13
2011.10.21 11:19:36.355,1.41557,1.41591,1.39,1.50
2011.10.21 11:19:36.473,1.41558,1.41594,1.39,1.13
2011.10.21 11:19:36.594,1.41558,1.41594,2.14,1.88
2011.10.21 11:19:36.716,1.41558,1.41594,1.76,3.75
2011.10.21 11:19:36.947,1.41563,1.41591,1.50,2.25
2011.10.21 11:19:37.193,1.41556,1.41588,2.14,1.50
2011.10.21 11:19:38.401,1.41557,1.41588,1.01,1.13
2011.10.21 11:19:38.554,1.41559,1.41594,1.39,1.13
2011.10.21 11:19:38.914,1.41563,1.41596,1.39,1.50
2011.10.21 11:19:39.604,1.4156,1.41596,1.88,1.50
2011.10.21 11:19:39.947,1.4156,1.41594,1.50,1.13
2011.10.21 11:19:40.067,1.41558,1.41591,1.01,1.13
2011.10.21 11:19:40.191,1.41559,1.4159,1.50,1.50
2011.10.21 11:19:40.672,1.41563,1.41594,1.13,1.88
2011.10.21 11:19:40.794,1.41563,1.41597,1.88,1.13
2011.10.21 11:19:41.843,1.41564,1.41601,1.88,1.47
2011.10.21 11:19:41.974,1.41564,1.4159,1.50,1.50
2011.10.21 11:19:42.103,1.41559,1.41587,1.01,1.13
2011.10.21 11:19:42.355,1.41546,1.41579,2.63,1.47
2011.10.21 11:19:42.479,1.41546,1.41575,1.88,1.50
2011.10.21 11:19:42.726,1.41547,1.41575,1.88,1.50
2011.10.21 11:19:43.205,1.41547,1.41575,1.88,1.50
2011.10.21 11:19:43.330,1.41547,1.41567,1.88,1.09
2011.10.21 11:19:43.583,1.41537,1.41561,1.88,1.13
2011.10.21 11:19:44.195,1.41535,1.41567,1.13,1.84
2011.10.21 11:19:44.554,1.41537,1.41567,1.88,1.09
2011.10.21 11:19:45.268,1.41537,1.41567,1.88,1.84
2011.10.21 11:19:46.482,1.41532,1.41563,1.13,1.50
2011.10.21 11:19:46.609,1.41531,1.41563,1.13,1.50
2011.10.21 11:19:47.895,1.41528,1.41563,1.13,1.88
2011.10.21 11:19:48.762,1.41526,1.41562,4.13,1.50
2011.10.21 11:19:49.128,1.41532,1.41563,1.13,1.50
2011.10.21 11:19:49.486,1.41528,1.41563,1.01,1.88
2011.10.21 11:19:49.953,1.41528,1.41562,1.01,1.50
2011.10.21 11:19:50.074,1.41528,1.41561,1.01,1.50
2011.10.21 11:19:50.433,1.41527,1.41557,2.89,1.50
2011.10.21 11:19:51.393,1.41522,1.41557,1.39,1.50
2011.10.21 11:19:51.867,1.41523,1.41555,1.01,1.50
2011.10.21 11:19:52.248,1.41523,1.41552,1.01,1.50
2011.10.21 11:19:52.599,1.41516,1.41552,3.98,1.50
2011.10.21 11:19:52.725,1.41516,1.41552,3.23,1.50
2011.10.21 11:19:53.325,1.41517,1.41552,1.73,1.50
2011.10.21 11:19:53.892,1.41517,1.41552,1.73,1.50
2011.10.21 11:19:54.123,1.41519,1.41552,1.01,1.50
2011.10.21 11:19:54.244,1.4152,1.41555,1.39,1.13
2011.10.21 11:19:55.276,1.41521,1.41555,1.01,1.13
2011.10.21 11:19:55.638,1.4152,1.41552,1.50,1.50
2011.10.21 11:19:56.005,1.41509,1.41545,1.39,1.88
2011.10.21 11:19:58.294,1.41507,1.41543,3.60,1.13
2011.10.21 11:19:58.542,1.41512,1.41544,1.50,4.47
2011.10.21 11:19:58.669,1.41506,1.41536,1.50,1.13
2011.10.21 11:19:58.916,1.4151,1.41541,2.25,1.03
2011.10.21 11:19:59.043,1.4151,1.41544,2.25,3.25
2011.10.21 11:19:59.624,1.41512,1.41544,1.50,1.09
2011.10.21 11:20:00.688,1.41514,1.4155,1.13,1.84
2011.10.21 11:20:01.521,1.41516,1.4155,1.13,1.50
2011.10.21 11:20:02.126,1.41517,1.41551,1.50,1.13
2011.10.21 11:20:02.245,1.41517,1.41548,1.50,1.13
2011.10.21 11:20:02.610,1.41513,1.41546,1.50,1.84
2011.10.21 11:20:03.811,1.41517,1.41546,1.50,1.50
2011.10.21 11:20:06.137,1.41519,1.41549,1.50,1.43
2011.10.21 11:20:06.375,1.41519,1.41554,1.50,4.13
2011.10.21 11:20:06.496,1.41521,1.41554,1.13,1.88
2011.10.21 11:20:07.094,1.41523,1.41555,1.13,1.43
2011.10.21 11:20:07.451,1.41524,1.41549,1.50,1.47
2011.10.21 11:20:07.694,1.41507,1.41537,1.50,1.50
2011.10.21 11:20:07.816,1.41513,1.41537,1.50,1.50
2011.10.21 11:20:07.936,1.41513,1.41552,1.50,1.50
2011.10.21 11:20:08.053,1.41514,1.41553,1.50,1.65
2011.10.21 11:20:08.766,1.41516,1.41552,1.13,1.28
2011.10.21 11:20:09.130,1.41513,1.41549,1.50,1.09
2011.10.21 11:20:09.701,1.41512,1.41545,1.13,1.13
2011.10.21 11:20:10.234,1.41512,1.41545,1.13,1.13
2011.10.21 11:20:10.477,1.41512,1.41545,1.13,1.13
2011.10.21 11:20:10.812,1.41512,1.4155,2.63,1.54
2011.10.21 11:20:11.300,1.41512,1.41544,2.25,1.13
2011.10.21 11:20:11.789,1.41509,1.41543,1.50,1.51
2011.10.21 11:20:12.365,1.41507,1.41541,3.38,1.13
2011.10.21 11:20:12.487,1.41507,1.4154,2.63,1.13
2011.10.21 11:20:13.676,1.41507,1.41539,1.88,1.09
2011.10.21 11:20:13.915,1.41497,1.41535,3.75,2.59
2011.10.21 11:20:14.849,1.41497,1.41525,2.25,1.13
2011.10.21 11:20:15.228,1.41486,1.41512,2.63,2.18
2011.10.21 11:20:15.947,1.41478,1.41512,1.50,1.03
2011.10.21 11:20:16.070,1.4148,1.41512,1.50,1.03
2011.10.21 11:20:16.201,1.41476,1.41513,2.63,2.22
2011.10.21 11:20:18.115,1.41475,1.41513,1.50,4.47
2011.10.21 11:20:18.474,1.41471,1.41506,1.01,1.50
2011.10.21 11:20:18.824,1.4147,1.41503,1.50,1.43
2011.10.21 11:20:19.711,1.41468,1.41503,1.50,1.84
2011.10.21 11:20:21.194,1.4147,1.41506,1.50,1.50
2011.10.21 11:20:21.777,1.41473,1.41506,1.88,1.13
2011.10.21 11:20:22.566,1.41473,1.41506,1.88,1.13
2011.10.21 11:20:22.929,1.41473,1.41506,1.13,1.13
2011.10.21 11:20:23.540,1.41477,1.41509,1.50,1.88
2011.10.21 11:20:24.749,1.41477,1.41509,1.50,2.89
2011.10.21 11:20:25.116,1.41476,1.4151,1.13,1.50
2011.10.21 11:20:25.583,1.41476,1.41511,1.13,1.13
2011.10.21 11:20:26.186,1.41476,1.41513,1.13,1.47
2011.10.21 11:20:26.305,1.41475,1.41511,1.50,1.28
2011.10.21 11:20:26.425,1.41475,1.41505,1.50,1.07
2011.10.21 11:20:26.658,1.41477,1.41509,1.50,1.17
2011.10.21 11:20:27.255,1.41477,1.41506,1.50,1.84
2011.10.21 11:20:27.752,1.41475,1.41504,1.01,2.48
2011.10.21 11:20:27.879,1.41475,1.41509,1.13,1.05
2011.10.21 11:20:28.008,1.41479,1.41513,1.76,2.63
2011.10.21 11:20:28.139,1.41483,1.41513,1.13,1.88
2011.10.21 11:20:28.269,1.41484,1.41514,1.13,1.88
2011.10.21 11:20:28.636,1.41488,1.41514,1.50,1.88
2011.10.21 11:20:29.706,1.41488,1.41514,1.50,1.88
2011.10.21 11:20:30.185,1.41485,1.41519,3.00,1.13
2011.10.21 11:20:30.778,1.41487,1.41515,1.13,1.43
2011.10.21 11:20:31.374,1.41487,1.41522,1.13,2.55
2011.10.21 11:20:33.364,1.41487,1.4152,1.13,2.18
2011.10.21 11:20:34.868,1.41487,1.41518,1.13,1.50
2011.10.21 11:20:35.852,1.41488,1.41519,1.88,1.50
2011.10.21 11:20:35.984,1.41488,1.41523,1.88,1.88
2011.10.21 11:20:36.105,1.41488,1.41523,1.88,1.88
2011.10.21 11:20:36.227,1.41488,1.41523,1.88,1.88
2011.10.21 11:20:36.715,1.41488,1.41523,1.88,1.88
2011.10.21 11:20:36.836,1.41488,1.41523,2.25,1.50
2011.10.21 11:20:37.594,1.41488,1.41523,1.88,1.13
2011.10.21 11:20:37.716,1.41488,1.41521,1.88,2.18
2011.10.21 11:20:37.946,1.41487,1.41521,2.63,1.80
2011.10.21 11:20:38.069,1.41487,1.41518,2.63,1.09
2011.10.21 11:20:38.662,1.41487,1.41512,1.88,1.43
2011.10.21 11:20:39.148,1.41479,1.41512,1.13,1.50
2011.10.21 11:20:39.995,1.41476,1.41512,2.14,1.84
2011.10.21 11:20:40.357,1.41477,1.41512,1.88,1.84
2011.10.21 11:20:40.477,1.41476,1.41512,2.14,1.84
2011.10.21 11:20:41.815,1.41476,1.41509,1.88,1.13
2011.10.21 11:20:46.202,1.41472,1.41501,1.13,1.43
2011.10.21 11:20:46.328,1.41472,1.41508,1.13,1.50
2011.10.21 11:20:46.849,1.41473,1.41505,1.13,2.53
2011.10.21 11:20:46.973,1.41463,1.41495,1.88,1.43
2011.10.21 11:20:47.214,1.41463,1.41492,1.13,1.43
2011.10.21 11:20:49.225,1.41466,1.41499,1.88,1.50
2011.10.21 11:20:49.848,1.41466,1.41499,2.63,1.13
2011.10.21 11:20:50.387,1.41466,1.41499,2.63,1.13
2011.10.21 11:20:50.506,1.41466,1.41499,2.63,1.13
2011.10.21 11:20:51.855,1.41466,1.41495,2.63,1.50
2011.10.21 11:20:53.600,1.41466,1.41488,2.63,1.50
2011.10.21 11:20:55.582,1.41466,1.41494,2.63,1.50
2011.10.21 11:20:56.995,1.41466,1.41498,2.63,2.29
2011.10.21 11:20:57.599,1.41467,1.41494,2.63,1.50
2011.10.21 11:20:58.177,1.41472,1.41497,1.50,1.13
2011.10.21 11:20:58.655,1.41467,1.41497,2.63,1.13
2011.10.21 11:20:59.363,1.41467,1.41495,1.88,1.13
2011.10.21 11:21:00.576,1.41459,1.41493,1.13,2.63
2011.10.21 11:21:00.707,1.41466,1.41494,1.88,1.50
2011.10.21 11:21:01.428,1.41466,1.41491,1.88,2.25
2011.10.21 11:21:01.558,1.41456,1.41488,1.13,1.09
2011.10.21 11:21:01.924,1.41452,1.41483,1.50,2.25
2011.10.21 11:21:02.527,1.41452,1.41483,1.50,2.63
2011.10.21 11:21:02.770,1.4145,1.41483,2.25,2.63
2011.10.21 11:21:04.664,1.41449,1.41483,1.50,4.13
2011.10.21 11:21:05.015,1.4145,1.41483,1.50,2.25
2011.10.21 11:21:05.607,1.41456,1.41486,1.50,1.13
2011.10.21 11:21:05.847,1.41456,1.41488,2.63,1.84
2011.10.21 11:21:06.838,1.41457,1.41493,3.38,3.38
2011.10.21 11:21:06.957,1.41457,1.41493,3.38,3.00
2011.10.21 11:21:07.321,1.41466,1.41493,1.50,1.13
2011.10.21 11:21:07.568,1.41466,1.41495,1.88,1.13
2011.10.21 11:21:07.691,1.41466,1.41499,2.25,1.50
2011.10.21 11:21:08.174,1.41467,1.41502,1.13,1.50
2011.10.21 11:21:08.712,1.41466,1.41502,3.00,1.50
2011.10.21 11:21:08.954,1.41467,1.41504,1.88,2.25
2011.10.21 11:21:10.602,1.41476,1.41507,1.88,1.47
2011.10.21 11:21:10.730,1.41477,1.41513,1.50,2.25
2011.10.21 11:21:10.976,1.41481,1.41514,1.88,2.63
2011.10.21 11:21:11.575,1.41477,1.41512,1.76,1.50
2011.10.21 11:21:11.815,1.41481,1.41516,1.13,1.50
2011.10.21 11:21:11.939,1.41484,1.41518,1.13,1.50
2011.10.21 11:21:12.067,1.41484,1.41518,1.50,1.50
2011.10.21 11:21:12.413,1.4148,1.41513,1.50,3.38
2011.10.21 11:21:12.655,1.4148,1.41513,1.50,2.63
2011.10.21 11:21:12.885,1.4148,1.4151,1.50,1.13
2011.10.21 11:21:13.125,1.41477,1.4151,1.88,1.13
2011.10.21 11:21:13.246,1.41477,1.41507,1.88,1.09
2011.10.21 11:21:13.828,1.41477,1.41505,1.88,1.13
2011.10.21 11:21:14.491,1.41473,1.41502,1.50,1.54
2011.10.21 11:21:15.086,1.41467,1.41502,1.50,1.92
2011.10.21 11:21:15.696,1.41467,1.415,1.50,1.13
2011.10.21 11:21:16.054,1.41467,1.41501,1.50,1.03
2011.10.21 11:21:16.418,1.41469,1.41503,1.01,1.45
2011.10.21 11:21:16.546,1.41475,1.41504,1.50,1.92
2011.10.21 11:21:17.082,1.41483,1.41504,1.13,1.88
2011.10.21 11:21:17.203,1.41486,1.41519,2.63,1.88
2011.10.21 11:21:17.326,1.41486,1.41519,3.38,1.13
2011.10.21 11:21:17.923,1.41486,1.41519,3.38,1.13
2011.10.21 11:21:18.524,1.41486,1.41518,1.88,1.50
2011.10.21 11:21:19.095,1.41486,1.41518,2.63,1.50
2011.10.21 11:21:21.762,1.41486,1.41518,2.63,1.88
2011.10.21 11:21:21.898,1.41486,1.41513,1.88,2.25
2011.10.21 11:21:22.391,1.41484,1.41515,1.13,1.88
2011.10.21 11:21:23.034,1.41487,1.41517,1.88,1.88
2011.10.21 11:21:23.167,1.41487,1.41517,1.88,1.50
2011.10.21 11:21:23.412,1.4149,1.41517,1.50,1.50
2011.10.21 11:21:24.025,1.41497,1.41519,2.63,1.50
2011.10.21 11:21:24.809,1.41506,1.41534,2.63,1.50
2011.10.21 11:21:25.360,1.41506,1.41537,1.88,1.50
2011.10.21 11:21:25.966,1.41507,1.41537,1.88,1.50
2011.10.21 11:21:27.429,1.41506,1.41529,1.88,1.50
2011.10.21 11:21:27.559,1.41498,1.41529,1.50,2.25
2011.10.21 11:21:27.689,1.41507,1.41529,1.88,1.50
2011.10.21 11:21:28.286,1.41496,1.41529,2.25,1.50
2011.10.21 11:21:29.174,1.41496,1.41529,1.88,1.50
2011.10.21 11:21:29.286,1.41502,1.41531,1.13,1.13
2011.10.21 11:21:29.651,1.41497,1.41531,1.88,1.13
2011.10.21 11:21:29.782,1.41497,1.41532,2.51,2.25
2011.10.21 11:21:30.147,1.41498,1.41532,1.13,1.50
2011.10.21 11:21:30.946,1.41497,1.41533,1.50,1.50
2011.10.21 11:21:31.199,1.41497,1.4153,1.50,1.50
2011.10.21 11:21:32.158,1.41496,1.4153,3.00,2.25
2011.10.21 11:21:33.591,1.41496,1.41518,1.88,1.50
