2009.02.03 12:00:00.536,1.64835,1.6487,1.60,2.40
2009.02.03 12:00:00.946,1.6482,1.6486,6.60,2.60
2009.02.03 12:00:01.406,1.6483,1.6487,3.00,2.40
2009.02.03 12:00:01.876,1.6483,1.64875,3.00,4.00
2009.02.03 12:00:02.686,1.6482,1.64875,6.60,1.00
2009.02.03 12:00:03.157,1.6484,1.6488,3.00,6.40
2009.02.03 12:00:03.626,1.6486,1.64885,3.00,6.40
2009.02.03 12:00:04.166,1.6486,1.64905,3.00,2.40
2009.02.03 12:00:04.575,1.6486,1.6491,4.80,3.00
2009.02.03 12:00:05.285,1.6487,1.6491,1.60,3.00
2009.02.03 12:00:06.375,1.6486,1.6491,4.80,3.60
2009.02.03 12:00:07.245,1.6487,1.6491,1.60,3.60
2009.02.03 12:00:07.604,1.6486,1.6491,3.40,3.80
2009.02.03 12:00:07.904,1.6486,1.64915,4.80,4.60
2009.02.03 12:00:08.084,1.6487,1.6491,1.60,3.60
2009.02.03 12:00:08.754,1.6487,1.6491,3.00,3.00
2009.02.03 12:00:09.104,1.6487,1.6492,3.00,3.00
2009.02.03 12:00:10.234,1.6487,1.64915,3.40,1.00
2009.02.03 12:00:11.273,1.6487,1.64905,1.60,1.00
2009.02.03 12:00:11.834,1.64875,1.64915,1.60,4.80
2009.02.03 12:00:12.114,1.64885,1.6493,1.60,3.00
2009.02.03 12:00:12.683,1.64875,1.649,2.20,1.00
2009.02.03 12:00:13.093,1.64875,1.64905,4.80,1.40
2009.02.03 12:00:13.443,1.64855,1.64915,2.80,6.20
2009.02.03 12:00:14.013,1.64875,1.6492,3.00,6.20
2009.02.03 12:00:14.403,1.64875,1.6493,3.00,1.00
2009.02.03 12:00:15.143,1.6489,1.64935,3.00,1.00
2009.02.03 12:00:15.543,1.64875,1.6493,1.60,1.00
2009.02.03 12:00:15.992,1.64875,1.6493,3.00,1.00
2009.02.03 12:00:16.382,1.6487,1.6493,2.20,1.00
2009.02.03 12:00:17.262,1.64875,1.6493,1.60,1.00
2009.02.03 12:00:20.061,1.64865,1.64925,5.40,1.00
2009.02.03 12:00:20.292,1.64865,1.6492,2.20,1.00
2009.02.03 12:00:20.761,1.6487,1.6492,1.60,1.00
2009.02.03 12:00:21.281,1.6486,1.6492,4.80,1.00
2009.02.03 12:00:21.511,1.64865,1.64905,1.60,1.00
2009.02.03 12:00:23.211,1.64865,1.64905,1.60,1.00
2009.02.03 12:00:23.451,1.6486,1.6491,4.80,3.60
2009.02.03 12:00:23.731,1.6486,1.64905,4.80,1.00
2009.02.03 12:00:23.781,1.6486,1.64905,3.00,1.00
2009.02.03 12:00:24.201,1.6486,1.6491,3.00,3.60
2009.02.03 12:00:24.880,1.6486,1.6491,4.80,3.60
2009.02.03 12:00:25.470,1.6486,1.6491,3.00,3.60
2009.02.03 12:00:25.990,1.6486,1.6491,3.00,3.00
2009.02.03 12:00:26.290,1.6486,1.6491,3.40,3.00
2009.02.03 12:00:26.460,1.6485,1.6491,3.00,3.60
2009.02.03 12:00:26.981,1.6485,1.64905,3.00,1.00
2009.02.03 12:00:27.560,1.6485,1.6489,3.40,1.00
2009.02.03 12:00:27.959,1.64845,1.6489,1.60,1.00
2009.02.03 12:00:28.130,1.64845,1.64905,1.60,2.20
2009.02.03 12:00:29.269,1.64835,1.6488,4.80,1.00
2009.02.03 12:00:29.729,1.64825,1.64875,12.20,1.00
2009.02.03 12:00:30.139,1.64835,1.6489,3.00,1.00
2009.02.03 12:00:30.539,1.6483,1.64875,1.60,1.00
2009.02.03 12:00:31.179,1.6482,1.64865,3.00,1.00
2009.02.03 12:00:31.709,1.64825,1.64875,1.60,3.20
2009.02.03 12:00:32.179,1.64815,1.6487,4.80,1.00
2009.02.03 12:00:32.528,1.6482,1.64875,1.60,4.00
2009.02.03 12:00:33.138,1.64815,1.6487,2.20,1.40
2009.02.03 12:00:33.588,1.6481,1.64875,2.20,1.00
2009.02.03 12:00:33.998,1.6484,1.6488,3.00,4.60
2009.02.03 12:00:34.408,1.6484,1.6488,3.00,3.20
2009.02.03 12:00:34.578,1.6485,1.6488,3.00,6.20
2009.02.03 12:00:34.938,1.6485,1.64945,3.60,1.00
2009.02.03 12:00:35.338,1.6487,1.64945,1.00,1.00
2009.02.03 12:00:35.858,1.64875,1.6495,3.60,1.00
2009.02.03 12:00:36.418,1.64875,1.6492,3.60,1.00
2009.02.03 12:00:36.838,1.6488,1.6492,1.00,1.00
2009.02.03 12:00:37.747,1.64875,1.64925,3.60,1.00
2009.02.03 12:00:37.927,1.64875,1.6492,3.60,1.00
2009.02.03 12:00:38.277,1.64875,1.64925,3.60,1.00
2009.02.03 12:00:38.797,1.64875,1.6492,3.00,1.00
2009.02.03 12:00:38.917,1.64875,1.64925,3.00,1.00
2009.02.03 12:00:39.827,1.64875,1.64925,3.60,1.00
2009.02.03 12:00:40.187,1.64875,1.6493,3.00,1.00
2009.02.03 12:00:40.417,1.64875,1.6493,3.60,1.00
2009.02.03 12:00:40.937,1.6488,1.6493,1.00,1.00
2009.02.03 12:00:41.616,1.64875,1.6493,3.00,1.00
2009.02.03 12:00:42.016,1.64865,1.6493,4.00,1.00
2009.02.03 12:00:42.426,1.6488,1.6493,7.00,1.00
2009.02.03 12:00:42.836,1.6488,1.6493,5.40,1.00
2009.02.03 12:00:43.866,1.64875,1.6493,3.80,1.00
2009.02.03 12:00:44.336,1.6488,1.6494,2.20,1.00
2009.02.03 12:00:44.746,1.64885,1.6494,7.00,1.00
2009.02.03 12:00:45.145,1.649,1.64945,3.00,1.00
2009.02.03 12:00:45.805,1.64915,1.64955,3.00,1.00
2009.02.03 12:00:46.385,1.649,1.6495,6.40,1.00
2009.02.03 12:00:46.725,1.64895,1.64955,12.20,1.00
2009.02.03 12:00:47.135,1.64895,1.64955,8.20,1.00
2009.02.03 12:00:47.755,1.6489,1.64945,4.80,1.00
2009.02.03 12:00:48.334,1.6489,1.6494,3.00,1.00
2009.02.03 12:00:49.015,1.6489,1.64945,3.00,1.00
2009.02.03 12:00:49.524,1.64895,1.6496,1.60,2.80
2009.02.03 12:00:50.124,1.64905,1.6496,3.00,2.80
2009.02.03 12:00:50.604,1.64905,1.64945,1.60,1.00
2009.02.03 12:00:51.124,1.64905,1.6496,3.00,4.80
2009.02.03 12:00:51.404,1.64905,1.64955,3.00,1.00
2009.02.03 12:00:52.345,1.6489,1.64955,2.20,1.00
2009.02.03 12:00:52.464,1.6489,1.64945,3.00,1.00
2009.02.03 12:00:52.824,1.6489,1.64955,8.20,7.20
2009.02.03 12:00:53.184,1.6489,1.64945,2.20,1.00
2009.02.03 12:00:53.534,1.64905,1.6495,3.00,1.00
2009.02.03 12:00:54.323,1.64905,1.6496,3.00,4.20
2009.02.03 12:00:54.723,1.64905,1.64965,3.00,9.00
2009.02.03 12:00:55.243,1.64905,1.64965,3.00,1.00
2009.02.03 12:00:56.683,1.64915,1.64965,3.00,1.00
2009.02.03 12:00:56.963,1.64925,1.6498,3.00,1.00
2009.02.03 12:00:57.132,1.64925,1.6498,3.60,1.00
2009.02.03 12:00:57.423,1.64925,1.6498,3.00,1.00
2009.02.03 12:00:57.602,1.64925,1.64975,3.60,1.00
2009.02.03 12:00:58.062,1.64925,1.64975,3.00,1.00
2009.02.03 12:00:58.712,1.64925,1.64965,3.00,1.00
2009.02.03 12:00:59.122,1.64925,1.64975,3.60,1.00
2009.02.03 12:00:59.472,1.6491,1.6497,2.20,1.00
2009.02.03 12:00:59.882,1.64915,1.64965,3.00,1.00
2009.02.03 12:01:00.922,1.64915,1.64965,3.00,1.00
2009.02.03 12:01:01.261,1.649,1.64965,5.60,1.00
2009.02.03 12:01:01.614,1.64915,1.64965,3.00,1.00
2009.02.03 12:01:02.071,1.64915,1.64975,3.00,2.40
2009.02.03 12:01:02.491,1.64915,1.64965,5.40,1.00
2009.02.03 12:01:03.071,1.64915,1.64965,3.00,1.00
2009.02.03 12:01:03.311,1.64905,1.6496,4.80,1.00
2009.02.03 12:01:03.831,1.6491,1.6496,4.80,1.00
2009.02.03 12:01:04.241,1.64915,1.6497,1.60,1.00
2009.02.03 12:01:04.411,1.64915,1.64965,4.80,1.00
2009.02.03 12:01:05.121,1.64915,1.64965,3.00,1.00
2009.02.03 12:01:05.680,1.64915,1.6497,3.00,1.00
2009.02.03 12:01:06.161,1.6492,1.6498,4.80,1.00
2009.02.03 12:01:06.800,1.64925,1.6498,2.20,1.00
2009.02.03 12:01:07.160,1.6493,1.6498,1.60,1.00
2009.02.03 12:01:07.340,1.64925,1.64975,3.00,1.00
2009.02.03 12:01:09.849,1.64925,1.6498,3.00,1.00
2009.02.03 12:01:10.609,1.64925,1.64985,5.40,1.00
2009.02.03 12:01:11.359,1.64925,1.64985,2.20,1.00
2009.02.03 12:01:11.419,1.64925,1.6499,5.40,1.00
2009.02.03 12:01:11.869,1.64925,1.64985,3.60,1.00
2009.02.03 12:01:12.149,1.64925,1.64985,3.60,1.00
2009.02.03 12:01:12.779,1.64925,1.6498,3.00,1.00
2009.02.03 12:01:13.479,1.64925,1.64975,3.00,1.00
2009.02.03 12:01:14.458,1.64925,1.6498,3.00,1.00
2009.02.03 12:01:14.568,1.6492,1.64985,4.00,1.00
2009.02.03 12:01:14.968,1.6492,1.64985,8.80,1.00
2009.02.03 12:01:15.079,1.6494,1.64985,3.00,1.00
2009.02.03 12:01:15.888,1.6493,1.64985,7.00,1.00
2009.02.03 12:01:16.578,1.6495,1.64985,1.00,1.00
2009.02.03 12:01:17.208,1.6497,1.6499,1.00,1.00
2009.02.03 12:01:17.678,1.6496,1.65025,1.00,1.00
2009.02.03 12:01:18.147,1.6496,1.65025,1.00,4.00
2009.02.03 12:01:18.437,1.64965,1.65025,1.00,4.00
2009.02.03 12:01:18.897,1.6497,1.65025,1.00,8.80
2009.02.03 12:01:19.467,1.6497,1.65025,1.00,5.00
2009.02.03 12:01:19.927,1.64955,1.65025,7.00,5.00
2009.02.03 12:01:20.387,1.64945,1.65015,8.20,2.40
2009.02.03 12:01:20.617,1.6496,1.65015,1.60,2.60
2009.02.03 12:01:20.977,1.6496,1.65015,1.60,7.40
2009.02.03 12:01:21.506,1.64965,1.65015,3.00,2.40
2009.02.03 12:01:22.136,1.64965,1.65025,3.00,7.60
2009.02.03 12:01:22.657,1.64965,1.6502,3.00,1.60
2009.02.03 12:01:23.346,1.6496,1.65005,3.40,1.00
2009.02.03 12:01:23.866,1.64965,1.6502,3.00,2.80
2009.02.03 12:01:24.996,1.64965,1.6502,4.80,2.80
2009.02.03 12:01:25.476,1.6496,1.65005,1.60,1.00
2009.02.03 12:01:25.946,1.6495,1.6499,1.60,1.00
2009.02.03 12:01:26.106,1.6495,1.64985,1.60,2.40
2009.02.03 12:01:26.765,1.6495,1.6499,1.60,4.20
2009.02.03 12:01:27.115,1.6495,1.6499,1.60,4.00
2009.02.03 12:01:27.175,1.6495,1.6499,1.60,2.40
2009.02.03 12:01:27.465,1.6495,1.64995,1.60,2.80
2009.02.03 12:01:27.695,1.6496,1.64995,1.60,1.00
2009.02.03 12:01:29.485,1.6497,1.64995,1.60,1.00
2009.02.03 12:01:29.945,1.6497,1.6501,1.60,2.80
2009.02.03 12:01:30.335,1.6496,1.6501,1.60,2.80
2009.02.03 12:01:30.514,1.6496,1.6501,1.60,1.00
2009.02.03 12:01:32.244,1.6496,1.65005,1.60,1.00
2009.02.03 12:01:32.534,1.64955,1.65005,1.60,4.20
2009.02.03 12:01:33.794,1.6495,1.65005,1.60,4.20
2009.02.03 12:01:36.023,1.6495,1.64995,1.60,1.00
2009.02.03 12:01:36.433,1.64945,1.64985,1.60,1.00
2009.02.03 12:01:36.603,1.64945,1.6498,1.60,1.00
2009.02.03 12:01:37.643,1.6495,1.64985,1.60,1.00
2009.02.03 12:01:38.163,1.64945,1.64985,1.60,1.00
2009.02.03 12:01:38.913,1.6494,1.6498,1.60,1.00
2009.02.03 12:01:40.022,1.64935,1.6497,1.60,1.00
2009.02.03 12:01:41.253,1.64935,1.6497,1.60,1.00
2009.02.03 12:01:42.292,1.6493,1.64965,1.60,1.00
2009.02.03 12:01:43.192,1.64925,1.64965,4.80,4.00
2009.02.03 12:01:43.542,1.64925,1.6497,3.00,6.40
2009.02.03 12:01:44.051,1.6491,1.6496,4.80,1.00
2009.02.03 12:01:44.511,1.64925,1.6496,3.00,1.00
2009.02.03 12:01:44.921,1.6492,1.64955,1.60,1.00
2009.02.03 12:01:45.331,1.64915,1.6497,1.60,6.40
2009.02.03 12:01:45.851,1.64915,1.6497,1.60,1.00
2009.02.03 12:01:46.641,1.64925,1.6497,1.60,1.00
2009.02.03 12:01:46.930,1.64925,1.64965,1.60,1.00
2009.02.03 12:01:47.091,1.64925,1.6497,3.00,1.00
2009.02.03 12:01:47.381,1.6492,1.64955,1.60,1.00
2009.02.03 12:01:47.610,1.6491,1.64955,5.00,1.00
2009.02.03 12:01:48.470,1.6493,1.6497,3.00,1.60
2009.02.03 12:01:48.640,1.6493,1.6498,3.00,2.40
2009.02.03 12:01:49.200,1.6493,1.6498,3.00,6.20
2009.02.03 12:01:49.380,1.6494,1.6499,3.00,1.00
2009.02.03 12:01:52.429,1.6494,1.6498,3.00,1.00
2009.02.03 12:01:52.909,1.64925,1.6498,3.60,1.00
2009.02.03 12:01:53.269,1.64935,1.6498,3.00,1.00
2009.02.03 12:01:53.809,1.64935,1.64975,3.00,1.00
2009.02.03 12:01:54.259,1.64935,1.6498,3.00,1.00
2009.02.03 12:01:54.760,1.64935,1.6498,3.00,1.00
2009.02.03 12:01:55.908,1.6494,1.64985,3.00,1.40
2009.02.03 12:01:56.248,1.6494,1.65,3.00,1.60
2009.02.03 12:01:56.668,1.64935,1.6498,3.00,1.40
2009.02.03 12:01:57.028,1.64935,1.64985,3.00,1.00
2009.02.03 12:01:58.068,1.64925,1.64975,3.00,1.00
2009.02.03 12:01:58.308,1.64925,1.6498,3.00,1.00
2009.02.03 12:01:59.008,1.64915,1.64975,4.00,1.00
2009.02.03 12:01:59.357,1.64915,1.64975,2.20,1.00
2009.02.03 12:01:59.537,1.64925,1.64975,3.00,1.00
2009.02.03 12:01:59.927,1.6494,1.64985,3.00,4.00
2009.02.03 12:02:00.447,1.64925,1.6497,2.20,1.00
2009.02.03 12:02:00.908,1.64925,1.64955,2.20,1.00
2009.02.03 12:02:01.247,1.64885,1.64955,3.00,1.00
2009.02.03 12:02:01.777,1.64885,1.64945,4.00,1.00
2009.02.03 12:02:02.417,1.64895,1.6494,3.00,1.00
2009.02.03 12:02:02.827,1.64895,1.6495,3.00,3.40
2009.02.03 12:02:03.217,1.64895,1.64945,3.00,1.00
2009.02.03 12:02:03.606,1.6491,1.6495,3.00,1.00
2009.02.03 12:02:03.896,1.649,1.6495,3.00,1.00
2009.02.03 12:02:05.176,1.64885,1.64945,3.00,1.00
2009.02.03 12:02:05.416,1.64885,1.6495,3.00,3.40
2009.02.03 12:02:05.826,1.64885,1.64945,3.00,1.00
2009.02.03 12:02:07.136,1.64885,1.64945,3.00,1.00
2009.02.03 12:02:07.536,1.649,1.64955,3.00,7.00
2009.02.03 12:02:07.825,1.6491,1.64945,3.20,6.20
2009.02.03 12:02:08.105,1.649,1.6495,4.80,1.00
2009.02.03 12:02:08.455,1.64915,1.64965,3.00,8.00
2009.02.03 12:02:08.925,1.64915,1.64965,3.00,8.60
2009.02.03 12:02:09.966,1.64915,1.6496,3.00,2.40
2009.02.03 12:02:10.535,1.64915,1.64955,3.00,2.40
2009.02.03 12:02:11.115,1.64905,1.64955,4.00,1.00
2009.02.03 12:02:11.585,1.64905,1.6495,3.00,1.00
2009.02.03 12:02:15.554,1.64895,1.6495,13.60,1.00
2009.02.03 12:02:18.183,1.64895,1.6495,4.80,1.00
2009.02.03 12:02:18.973,1.649,1.6495,5.00,1.00
2009.02.03 12:02:19.153,1.64905,1.6495,1.60,1.00
2009.02.03 12:02:19.323,1.64905,1.6495,1.60,1.00
2009.02.03 12:02:19.912,1.64895,1.6495,6.60,1.00
2009.02.03 12:02:20.202,1.64895,1.6495,4.80,1.00
2009.02.03 12:02:20.322,1.64895,1.6495,3.00,1.00
2009.02.03 12:02:20.692,1.649,1.6496,4.80,4.00
2009.02.03 12:02:21.162,1.64915,1.64955,1.60,1.60
2009.02.03 12:02:21.792,1.6492,1.6497,1.60,1.60
2009.02.03 12:02:22.142,1.6492,1.6497,1.60,2.20
2009.02.03 12:02:22.912,1.6493,1.64965,1.60,1.00
2009.02.03 12:02:23.602,1.64925,1.64975,4.80,1.00
2009.02.03 12:02:24.991,1.64925,1.64975,3.00,1.00
2009.02.03 12:02:25.631,1.64925,1.64975,4.80,1.00
2009.02.03 12:02:25.801,1.64925,1.6497,1.60,3.60
2009.02.03 12:02:26.151,1.64915,1.6497,4.80,2.20
2009.02.03 12:02:26.571,1.64925,1.6497,1.60,2.20
2009.02.03 12:02:26.991,1.6493,1.6498,1.60,2.60
2009.02.03 12:02:27.171,1.64925,1.6498,4.80,6.20
2009.02.03 12:02:27.391,1.64925,1.6498,4.80,4.80
2009.02.03 12:02:27.731,1.6493,1.6497,1.60,2.20
2009.02.03 12:02:28.530,1.6493,1.64965,1.60,1.00
2009.02.03 12:02:28.640,1.64925,1.6496,1.60,1.00
2009.02.03 12:02:28.920,1.6493,1.64955,1.60,1.00
2009.02.03 12:02:29.030,1.64895,1.64955,2.20,1.00
2009.02.03 12:02:29.440,1.64895,1.64945,2.20,1.00
2009.02.03 12:02:29.720,1.649,1.64945,1.60,2.60
2009.02.03 12:02:31.910,1.64915,1.64945,3.00,2.40
2009.02.03 12:02:32.659,1.6491,1.64945,4.80,2.40
2009.02.03 12:02:32.949,1.6491,1.6495,6.60,2.40
2009.02.03 12:02:33.239,1.6492,1.6495,1.60,2.40
2009.02.03 12:02:34.209,1.64925,1.6495,3.20,2.40
2009.02.03 12:02:34.549,1.6494,1.64985,3.00,7.20
2009.02.03 12:02:34.889,1.64955,1.65005,3.00,4.00
2009.02.03 12:02:35.619,1.6491,1.6496,4.00,1.00
2009.02.03 12:02:36.189,1.64885,1.6496,4.80,1.00
2009.02.03 12:02:36.419,1.649,1.6497,1.60,4.00
2009.02.03 12:02:36.878,1.64915,1.64975,1.60,6.40
2009.02.03 12:02:37.329,1.64915,1.6497,1.60,1.00
2009.02.03 12:02:37.728,1.6492,1.6497,1.60,1.00
2009.02.03 12:02:38.198,1.64915,1.64975,3.00,2.80
2009.02.03 12:02:38.698,1.64915,1.6497,3.00,2.40
2009.02.03 12:02:39.208,1.64915,1.6497,4.80,2.40
2009.02.03 12:02:39.568,1.64935,1.6497,3.00,2.40
2009.02.03 12:02:39.798,1.6492,1.64955,1.60,1.00
2009.02.03 12:02:39.918,1.649,1.64955,4.80,1.00
2009.02.03 12:02:40.398,1.6491,1.64955,1.60,1.00
2009.02.03 12:02:40.698,1.6491,1.64955,1.60,3.00
2009.02.03 12:02:42.207,1.649,1.64945,4.80,3.00
2009.02.03 12:02:42.267,1.649,1.6495,4.80,1.60
2009.02.03 12:02:42.497,1.649,1.64945,3.00,3.00
2009.02.03 12:02:43.777,1.6491,1.64945,1.60,3.00
2009.02.03 12:02:44.127,1.64925,1.64985,3.00,7.20
2009.02.03 12:02:44.307,1.64925,1.64985,3.00,2.40
2009.02.03 12:02:45.007,1.6494,1.64985,3.00,2.40
2009.02.03 12:02:45.246,1.64905,1.64975,3.00,2.40
2009.02.03 12:02:45.486,1.64905,1.6499,3.00,2.40
2009.02.03 12:02:46.247,1.64905,1.6499,3.00,4.00
2009.02.03 12:02:47.286,1.6491,1.6499,2.20,4.00
2009.02.03 12:02:49.006,1.6491,1.6499,7.00,4.00
2009.02.03 12:02:49.945,1.6493,1.64975,3.00,1.00
2009.02.03 12:02:50.475,1.64915,1.6496,1.60,1.00
2009.02.03 12:02:50.825,1.64915,1.64965,4.80,2.00
2009.02.03 12:02:51.176,1.64915,1.64965,4.80,8.40
2009.02.03 12:02:51.625,1.64915,1.64965,4.80,3.60
2009.02.03 12:02:52.745,1.6492,1.64965,1.60,1.60
2009.02.03 12:02:53.614,1.6493,1.6497,3.00,1.00
2009.02.03 12:02:54.184,1.64915,1.64955,4.80,1.00
2009.02.03 12:02:54.664,1.649,1.64955,1.60,1.00
2009.02.03 12:02:55.634,1.64905,1.64945,1.60,1.00
2009.02.03 12:02:56.174,1.649,1.64945,1.60,1.00
2009.02.03 12:02:56.794,1.649,1.64945,5.00,1.00
2009.02.03 12:02:57.214,1.6492,1.64965,3.00,5.40
2009.02.03 12:02:57.623,1.6492,1.64965,3.00,1.00
2009.02.03 12:02:57.844,1.64905,1.6495,1.00,1.00
2009.02.03 12:02:58.443,1.6489,1.6495,2.20,1.00
2009.02.03 12:02:58.963,1.6489,1.64965,7.00,2.80
2009.02.03 12:02:59.313,1.6487,1.64945,1.00,2.40
2009.02.03 12:03:00.113,1.6487,1.64945,3.80,2.40
2009.02.03 12:03:00.693,1.6487,1.6495,3.80,2.40
2009.02.03 12:03:00.992,1.64875,1.6495,2.20,2.40
2009.02.03 12:03:01.852,1.649,1.6495,3.00,2.40
2009.02.03 12:03:02.132,1.64885,1.6495,3.00,2.40
2009.02.03 12:03:02.642,1.64885,1.64945,3.00,2.40
2009.02.03 12:03:03.232,1.64895,1.64935,3.00,1.00
2009.02.03 12:03:03.992,1.6491,1.64935,3.00,1.00
2009.02.03 12:03:04.112,1.6491,1.64975,3.00,3.20
2009.02.03 12:03:04.442,1.64895,1.6497,7.40,1.00
2009.02.03 12:03:04.972,1.649,1.6497,8.80,1.00
2009.02.03 12:03:05.551,1.6491,1.64965,3.00,1.00
2009.02.03 12:03:06.122,1.6491,1.64945,3.00,1.00
2009.02.03 12:03:06.462,1.6492,1.64945,3.00,1.00
2009.02.03 12:03:06.981,1.6491,1.64945,3.00,1.00
2009.02.03 12:03:07.742,1.6491,1.64955,3.00,1.00
2009.02.03 12:03:08.151,1.6492,1.64955,3.00,1.00
2009.02.03 12:03:08.721,1.6492,1.6496,3.00,1.00
2009.02.03 12:03:09.180,1.6492,1.64955,3.00,1.00
2009.02.03 12:03:09.580,1.64885,1.64955,5.60,1.00
2009.02.03 12:03:10.210,1.649,1.64955,3.00,1.00
2009.02.03 12:03:11.260,1.649,1.64955,3.60,1.00
2009.02.03 12:03:11.600,1.6491,1.6495,3.00,1.00
2009.02.03 12:03:13.090,1.6491,1.6496,3.00,1.00
2009.02.03 12:03:13.869,1.64905,1.64955,3.00,1.00
2009.02.03 12:03:14.609,1.64905,1.64955,3.00,1.00
2009.02.03 12:03:15.309,1.64905,1.6495,3.00,1.00
2009.02.03 12:03:15.529,1.64895,1.6495,3.00,1.00
2009.02.03 12:03:17.219,1.64895,1.6495,4.80,1.00
2009.02.03 12:03:17.618,1.64905,1.64955,3.00,3.60
2009.02.03 12:03:18.818,1.64905,1.6495,3.00,1.00
2009.02.03 12:03:19.928,1.64905,1.6494,1.60,1.00
2009.02.03 12:03:20.198,1.649,1.6494,3.20,1.00
2009.02.03 12:03:20.668,1.6491,1.64945,3.00,1.40
2009.02.03 12:03:21.348,1.6491,1.6496,3.00,1.00
2009.02.03 12:03:21.987,1.6491,1.64965,3.00,1.00
2009.02.03 12:03:23.937,1.6491,1.64975,4.80,1.00
2009.02.03 12:03:24.277,1.6491,1.6497,5.40,1.00
2009.02.03 12:03:24.617,1.6492,1.6497,3.00,1.00
2009.02.03 12:03:24.727,1.6493,1.64975,3.00,1.00
2009.02.03 12:03:25.247,1.64925,1.64975,1.60,1.00
2009.02.03 12:03:25.647,1.6493,1.64975,3.00,1.00
2009.02.03 12:03:26.277,1.6493,1.64975,3.00,1.00
2009.02.03 12:03:27.016,1.6492,1.64975,4.80,1.00
2009.02.03 12:03:27.836,1.6492,1.6497,3.00,1.00
2009.02.03 12:03:28.576,1.6491,1.64965,3.00,1.00
2009.02.03 12:03:28.866,1.6491,1.6496,3.00,1.00
2009.02.03 12:03:29.436,1.6493,1.6496,3.00,1.00
2009.02.03 12:03:29.966,1.6491,1.64975,3.00,1.00
2009.02.03 12:03:30.425,1.6493,1.64985,3.00,2.00
2009.02.03 12:03:31.845,1.6494,1.6498,3.00,3.00
2009.02.03 12:03:32.255,1.64935,1.64975,3.00,1.00
2009.02.03 12:03:33.055,1.6492,1.64975,3.00,1.00
2009.02.03 12:03:33.685,1.6492,1.6497,3.00,1.00
2009.02.03 12:03:34.645,1.6492,1.64965,3.00,1.00
2009.02.03 12:03:35.055,1.6492,1.6498,3.00,2.20
2009.02.03 12:03:35.504,1.6494,1.64975,3.00,2.00
2009.02.03 12:03:36.064,1.64925,1.6496,2.20,1.00
2009.02.03 12:03:36.414,1.6489,1.6496,3.60,1.00
2009.02.03 12:03:36.864,1.6489,1.6495,3.00,1.00
2009.02.03 12:03:37.214,1.6489,1.64975,3.00,1.00
2009.02.03 12:03:37.664,1.64915,1.64975,1.00,3.00
2009.02.03 12:03:38.004,1.6493,1.64985,3.00,6.40
2009.02.03 12:03:38.543,1.64925,1.6497,1.60,1.00
2009.02.03 12:03:38.604,1.64895,1.6497,5.60,1.00
2009.02.03 12:03:38.714,1.64895,1.6497,7.40,1.00
2009.02.03 12:03:38.773,1.649,1.6497,8.80,1.00
2009.02.03 12:03:40.173,1.6492,1.6497,3.00,1.00
2009.02.03 12:03:40.393,1.6492,1.6498,3.00,6.20
2009.02.03 12:03:40.783,1.6492,1.64985,3.00,1.00
2009.02.03 12:03:41.003,1.6492,1.64965,3.00,1.00
2009.02.03 12:03:41.353,1.6492,1.64985,4.80,1.00
2009.02.03 12:03:41.863,1.6492,1.64985,5.40,1.00
2009.02.03 12:03:41.983,1.6492,1.64985,4.80,1.00
2009.02.03 12:03:42.332,1.6492,1.64985,4.80,1.00
2009.02.03 12:03:42.923,1.6492,1.64985,5.40,1.00
2009.02.03 12:03:43.103,1.6492,1.64985,7.20,1.00
2009.02.03 12:03:43.492,1.6492,1.64985,6.60,1.00
2009.02.03 12:03:43.972,1.6492,1.64985,4.80,1.00
2009.02.03 12:03:46.692,1.6492,1.64985,8.20,1.00
2009.02.03 12:03:46.811,1.6492,1.64985,8.20,1.00
2009.02.03 12:03:47.092,1.6492,1.64985,8.80,1.00
2009.02.03 12:03:47.201,1.6492,1.64985,10.60,1.00
2009.02.03 12:03:47.381,1.6493,1.6499,1.60,1.00
2009.02.03 12:03:47.801,1.64925,1.6499,2.20,1.00
2009.02.03 12:03:48.802,1.6493,1.6499,1.60,1.00
2009.02.03 12:03:49.211,1.64925,1.64985,8.80,1.00
2009.02.03 12:03:49.501,1.64925,1.64985,6.40,1.00
2009.02.03 12:03:49.621,1.64925,1.64985,1.60,1.00
2009.02.03 12:03:50.151,1.6492,1.6498,1.60,1.00
2009.02.03 12:03:50.900,1.64915,1.6498,2.20,1.00
2009.02.03 12:03:51.411,1.6492,1.6498,1.60,1.00
2009.02.03 12:03:54.520,1.6492,1.6497,1.60,1.00
2009.02.03 12:03:55.389,1.6492,1.64975,1.60,6.60
2009.02.03 12:03:55.620,1.6492,1.64975,1.60,4.00
2009.02.03 12:03:55.859,1.6492,1.64975,1.60,1.00
2009.02.03 12:03:56.359,1.6492,1.6497,1.60,1.00
2009.02.03 12:03:57.049,1.6492,1.64975,1.60,10.20
2009.02.03 12:03:57.390,1.64925,1.64975,1.60,10.20
2009.02.03 12:03:57.559,1.64925,1.6498,1.60,1.00
2009.02.03 12:03:57.789,1.64925,1.64985,1.60,1.00
2009.02.03 12:03:58.249,1.64925,1.64985,3.00,1.00
2009.02.03 12:03:59.048,1.64925,1.64985,1.60,1.00
2009.02.03 12:03:59.339,1.64925,1.64985,3.00,1.00
2009.02.03 12:03:59.508,1.64935,1.64985,1.60,1.00
2009.02.03 12:03:59.688,1.64925,1.64985,3.00,1.00
2009.02.03 12:04:00.158,1.64935,1.6499,3.00,3.40
2009.02.03 12:04:00.798,1.64945,1.64985,3.00,1.00
2009.02.03 12:04:01.258,1.64945,1.6499,3.00,1.00
2009.02.03 12:04:01.938,1.6495,1.64985,1.00,1.00
2009.02.03 12:04:01.998,1.64945,1.64985,3.60,1.00
2009.02.03 12:04:03.868,1.64945,1.64985,1.00,1.00
2009.02.03 12:04:04.317,1.64945,1.65,3.60,1.00
2009.02.03 12:04:05.077,1.6495,1.65005,1.00,1.00
2009.02.03 12:04:06.527,1.64965,1.6505,1.00,4.00
2009.02.03 12:04:07.267,1.64965,1.6505,1.00,2.40
2009.02.03 12:04:08.596,1.64965,1.65035,1.00,2.40
2009.02.03 12:04:09.156,1.64965,1.6503,1.00,6.20
2009.02.03 12:04:09.626,1.64965,1.65045,7.00,4.00
2009.02.03 12:04:10.136,1.64975,1.65045,1.60,4.00
2009.02.03 12:04:11.456,1.64985,1.65045,1.60,4.00
2009.02.03 12:04:11.925,1.64985,1.6505,1.00,6.20
2009.02.03 12:04:12.265,1.64985,1.6505,7.00,1.00
2009.02.03 12:04:12.425,1.64975,1.65055,8.80,4.60
2009.02.03 12:04:13.315,1.64975,1.6504,8.80,1.60
2009.02.03 12:04:13.545,1.6497,1.65035,1.60,2.40
2009.02.03 12:04:14.125,1.6497,1.6504,1.60,4.00
2009.02.03 12:04:14.235,1.6497,1.65035,1.60,6.40
2009.02.03 12:04:14.585,1.6496,1.65035,5.00,6.40
2009.02.03 12:04:16.184,1.64965,1.65035,2.20,10.20
2009.02.03 12:04:16.524,1.64965,1.65035,2.20,4.00
2009.02.03 12:04:20.403,1.6498,1.65035,1.60,4.00
2009.02.03 12:04:20.973,1.64975,1.65035,5.00,4.00
2009.02.03 12:04:21.323,1.6498,1.65045,3.00,6.20
2009.02.03 12:04:21.953,1.6498,1.65045,3.00,2.60
2009.02.03 12:04:23.612,1.6498,1.65045,4.80,2.60
2009.02.03 12:04:24.043,1.6498,1.6504,3.00,2.40
2009.02.03 12:04:24.152,1.6498,1.6504,1.60,2.40
2009.02.03 12:04:24.452,1.6498,1.6504,1.60,4.00
2009.02.03 12:04:24.802,1.6498,1.6504,1.60,2.40
2009.02.03 12:04:25.732,1.6498,1.6504,3.00,2.40
2009.02.03 12:04:25.972,1.6498,1.6504,4.80,2.40
2009.02.03 12:04:26.322,1.64985,1.6504,1.60,2.40
2009.02.03 12:04:26.552,1.6498,1.65045,1.60,4.60
2009.02.03 12:04:28.121,1.6498,1.6504,3.00,7.00
2009.02.03 12:04:28.811,1.6498,1.65035,3.00,1.00
2009.02.03 12:04:29.581,1.64975,1.65035,1.60,7.00
2009.02.03 12:04:30.181,1.64975,1.6503,1.60,1.00
2009.02.03 12:04:30.351,1.6497,1.6503,1.60,7.00
2009.02.03 12:04:30.811,1.64975,1.6503,1.60,6.40
2009.02.03 12:04:30.991,1.64975,1.6503,1.60,1.00
2009.02.03 12:04:31.341,1.6498,1.6503,1.60,1.00
2009.02.03 12:04:31.701,1.6498,1.65035,3.00,10.20
2009.02.03 12:04:32.161,1.6498,1.65045,3.00,9.00
2009.02.03 12:04:32.341,1.6498,1.65045,3.00,4.20
2009.02.03 12:04:32.811,1.6498,1.6502,1.60,1.00
2009.02.03 12:04:33.200,1.64995,1.65025,1.60,4.00
2009.02.03 12:04:33.790,1.64995,1.6504,1.60,5.00
2009.02.03 12:04:34.320,1.64975,1.6503,1.60,1.00
2009.02.03 12:04:34.670,1.6499,1.6503,1.60,6.20
2009.02.03 12:04:35.140,1.64995,1.6503,1.60,6.20
2009.02.03 12:04:35.490,1.65,1.6503,1.60,1.00
2009.02.03 12:04:35.930,1.65005,1.6503,1.60,1.00
2009.02.03 12:04:36.909,1.65,1.6502,1.60,1.00
2009.02.03 12:04:37.379,1.65,1.65025,1.60,1.40
2009.02.03 12:04:40.469,1.6502,1.65045,1.60,1.00
2009.02.03 12:04:40.939,1.65015,1.65045,1.60,1.00
2009.02.03 12:04:42.168,1.6502,1.65045,1.60,1.00
2009.02.03 12:04:43.098,1.65005,1.65045,2.20,1.00
2009.02.03 12:04:43.398,1.6501,1.6503,1.60,1.00
2009.02.03 12:04:43.798,1.6501,1.6503,8.80,1.00
2009.02.03 12:04:44.318,1.65015,1.65045,1.00,1.00
2009.02.03 12:04:46.047,1.6502,1.65045,1.00,1.00
2009.02.03 12:04:46.567,1.65005,1.65045,2.20,1.00
2009.02.03 12:04:46.977,1.65,1.65045,5.40,1.00
2009.02.03 12:04:47.147,1.65,1.65045,1.00,1.00
2009.02.03 12:04:48.706,1.65005,1.65045,1.00,1.00
2009.02.03 12:04:49.177,1.64995,1.6503,6.40,1.00
2009.02.03 12:04:49.467,1.64975,1.6503,2.20,1.00
2009.02.03 12:04:49.636,1.6499,1.6503,1.60,1.00
2009.02.03 12:04:49.876,1.64985,1.6503,2.20,1.00
2009.02.03 12:04:49.986,1.64985,1.6503,4.00,1.00
2009.02.03 12:04:52.126,1.65,1.6503,1.60,1.00
2009.02.03 12:04:53.685,1.64985,1.6503,1.60,1.00
2009.02.03 12:04:53.925,1.6498,1.6504,4.80,1.40
2009.02.03 12:04:54.215,1.6499,1.65045,1.60,1.00
2009.02.03 12:04:54.685,1.64985,1.65045,2.20,1.00
2009.02.03 12:04:55.155,1.64985,1.65045,2.20,4.80
2009.02.03 12:04:55.325,1.64985,1.65025,6.40,1.00
2009.02.03 12:04:55.735,1.64985,1.6502,6.40,1.00
2009.02.03 12:04:55.855,1.64965,1.65025,4.80,1.60
2009.02.03 12:04:56.195,1.64965,1.65025,4.80,1.00
2009.02.03 12:04:57.244,1.64985,1.65025,1.80,1.00
2009.02.03 12:04:57.414,1.64985,1.6504,1.80,4.00
2009.02.03 12:04:57.834,1.6499,1.6503,1.80,1.00
2009.02.03 12:04:58.174,1.6499,1.6503,1.40,1.00
2009.02.03 12:04:58.454,1.65,1.6503,8.80,1.00
2009.02.03 12:04:59.134,1.65,1.65045,1.00,1.60
2009.02.03 12:04:59.245,1.64985,1.65045,1.60,4.20
2009.02.03 12:04:59.894,1.64985,1.65045,1.60,5.80
2009.02.03 12:05:00.004,1.64985,1.6503,1.60,1.00
2009.02.03 12:05:00.234,1.64985,1.6503,1.60,1.00
2009.02.03 12:05:00.464,1.64985,1.6503,1.60,1.00
2009.02.03 12:05:01.534,1.64965,1.6503,5.40,1.00
2009.02.03 12:05:01.943,1.64985,1.6504,1.00,1.00
2009.02.03 12:05:02.123,1.6498,1.65045,5.40,1.00
2009.02.03 12:05:02.343,1.64985,1.65045,5.00,1.00
2009.02.03 12:05:02.623,1.64985,1.65045,7.80,1.00
2009.02.03 12:05:03.153,1.6498,1.65045,6.20,1.00
2009.02.03 12:05:03.383,1.6498,1.65045,4.40,1.00
2009.02.03 12:05:03.503,1.64985,1.65045,4.20,1.00
2009.02.03 12:05:03.793,1.64985,1.65045,5.00,1.00
2009.02.03 12:05:03.973,1.64985,1.65045,5.60,1.00
2009.02.03 12:05:05.722,1.64985,1.65045,4.40,1.00
2009.02.03 12:05:05.892,1.64985,1.65045,7.00,1.00
2009.02.03 12:05:06.112,1.6498,1.65045,5.40,1.00
2009.02.03 12:05:08.052,1.6498,1.6503,3.60,1.00
2009.02.03 12:05:08.502,1.6498,1.6503,3.00,1.00
2009.02.03 12:05:09.262,1.64975,1.6503,1.60,1.00
2009.02.03 12:05:09.372,1.6497,1.6502,8.20,1.00
2009.02.03 12:05:09.482,1.6496,1.65005,3.00,1.00
2009.02.03 12:05:09.832,1.6496,1.6501,3.00,3.20
2009.02.03 12:05:10.701,1.64945,1.6501,3.20,6.40
2009.02.03 12:05:11.521,1.64945,1.6501,3.00,3.20
2009.02.03 12:05:11.941,1.64935,1.64995,1.60,2.40
2009.02.03 12:05:12.641,1.64925,1.64995,3.00,2.80
2009.02.03 12:05:13.041,1.64925,1.6498,1.60,2.80
2009.02.03 12:05:13.271,1.64925,1.64975,3.00,6.40
2009.02.03 12:05:14.030,1.64925,1.6497,3.00,2.40
2009.02.03 12:05:14.780,1.6493,1.6497,1.00,2.40
2009.02.03 12:05:14.840,1.6493,1.6497,2.80,2.40
2009.02.03 12:05:15.010,1.6493,1.64975,4.80,10.20
2009.02.03 12:05:15.470,1.6493,1.6499,4.80,2.60
2009.02.03 12:05:16.001,1.64935,1.6499,2.80,2.60
2009.02.03 12:05:16.300,1.64945,1.6499,3.00,2.40
2009.02.03 12:05:16.471,1.64945,1.64995,3.00,2.40
2009.02.03 12:05:17.480,1.64945,1.6499,3.00,2.40
2009.02.03 12:05:17.880,1.64945,1.64995,3.00,2.40
2009.02.03 12:05:18.909,1.64945,1.65,3.00,2.40
2009.02.03 12:05:20.699,1.6493,1.6499,1.60,1.00
2009.02.03 12:05:21.179,1.6493,1.6499,1.60,2.40
2009.02.03 12:05:21.239,1.6493,1.64985,1.60,2.40
2009.02.03 12:05:22.518,1.64925,1.64985,4.80,2.80
2009.02.03 12:05:22.698,1.64925,1.64975,4.80,2.40
2009.02.03 12:05:23.908,1.64925,1.64985,4.80,6.40
2009.02.03 12:05:23.958,1.64925,1.64985,4.80,1.00
2009.02.03 12:05:24.298,1.64935,1.64985,1.60,1.00
2009.02.03 12:05:24.638,1.64935,1.6499,1.60,1.00
2009.02.03 12:05:30.187,1.6493,1.64995,4.00,1.00
2009.02.03 12:05:30.247,1.64945,1.64995,3.00,1.00
2009.02.03 12:05:31.836,1.64945,1.6499,3.00,1.00
2009.02.03 12:05:33.546,1.64945,1.64995,3.00,1.00
2009.02.03 12:05:33.786,1.6496,1.64995,3.00,1.00
2009.02.03 12:05:34.326,1.64945,1.64995,7.00,1.00
2009.02.03 12:05:34.385,1.6494,1.64995,3.00,1.00
2009.02.03 12:05:35.665,1.64955,1.6501,3.00,3.20
2009.02.03 12:05:35.775,1.64955,1.65005,3.00,1.00
2009.02.03 12:05:35.946,1.64965,1.65015,3.00,3.20
2009.02.03 12:05:36.355,1.6496,1.6501,1.00,1.00
2009.02.03 12:05:36.685,1.64955,1.6501,3.00,1.00
2009.02.03 12:05:36.855,1.64955,1.6501,5.40,1.00
2009.02.03 12:05:37.155,1.6496,1.6501,7.00,1.00
2009.02.03 12:05:37.505,1.64955,1.6501,4.80,1.00
2009.02.03 12:05:37.895,1.64965,1.6501,3.00,1.00
2009.02.03 12:05:38.295,1.6498,1.6501,1.00,1.00
2009.02.03 12:05:38.874,1.6498,1.6502,3.00,1.00
2009.02.03 12:05:40.674,1.6498,1.6502,1.00,1.00
2009.02.03 12:05:41.304,1.6496,1.65005,6.40,1.00
2009.02.03 12:05:41.834,1.64925,1.6499,4.80,1.00
2009.02.03 12:05:42.723,1.6492,1.65,2.20,2.20
2009.02.03 12:05:43.133,1.6493,1.64995,2.20,1.00
2009.02.03 12:05:43.643,1.64935,1.64995,2.20,1.00
2009.02.03 12:05:44.273,1.64935,1.64995,2.20,1.00
2009.02.03 12:05:44.743,1.64935,1.64985,3.00,1.00
2009.02.03 12:05:45.133,1.6492,1.64985,4.80,1.00
2009.02.03 12:05:45.533,1.6492,1.64985,4.80,1.00
2009.02.03 12:05:46.862,1.6492,1.64985,1.60,3.40
2009.02.03 12:05:47.283,1.64915,1.64975,1.60,4.20
2009.02.03 12:05:51.211,1.64925,1.64975,1.60,4.20
2009.02.03 12:05:51.681,1.6492,1.64975,4.80,4.00
2009.02.03 12:05:51.782,1.6492,1.64985,4.80,2.80
2009.02.03 12:05:51.841,1.6492,1.64985,3.00,4.20
2009.02.03 12:05:52.351,1.6492,1.64975,3.00,1.00
2009.02.03 12:05:52.461,1.6492,1.64975,3.00,4.20
2009.02.03 12:05:53.711,1.6492,1.64975,4.80,4.20
2009.02.03 12:05:53.831,1.6493,1.64975,1.60,4.20
2009.02.03 12:05:54.461,1.6493,1.64975,1.60,4.00
2009.02.03 12:05:54.581,1.6493,1.64985,1.60,4.20
2009.02.03 12:05:54.931,1.6494,1.64985,1.60,4.20
2009.02.03 12:05:55.570,1.6494,1.6498,1.60,4.80
2009.02.03 12:05:55.870,1.6494,1.64985,1.60,2.80
2009.02.03 12:05:56.511,1.6494,1.64985,1.60,4.20
2009.02.03 12:05:56.810,1.6493,1.64975,1.60,1.00
2009.02.03 12:05:57.110,1.6492,1.64975,4.80,4.20
2009.02.03 12:05:57.620,1.6492,1.64975,4.80,4.00
2009.02.03 12:05:58.190,1.64935,1.64975,1.60,4.00
2009.02.03 12:05:58.580,1.64935,1.64975,3.00,4.80
2009.02.03 12:05:58.870,1.64935,1.6499,3.00,2.40
2009.02.03 12:05:59.289,1.64935,1.6499,3.00,4.00
2009.02.03 12:05:59.979,1.64935,1.64985,3.00,2.40
2009.02.03 12:06:00.559,1.64935,1.6499,3.00,4.00
2009.02.03 12:06:00.679,1.64925,1.6497,1.60,1.00
2009.02.03 12:06:01.789,1.6492,1.6497,1.60,1.00
2009.02.03 12:06:02.839,1.6492,1.6497,1.60,1.00
2009.02.03 12:06:03.069,1.6493,1.6497,1.60,6.20
2009.02.03 12:06:04.099,1.6492,1.64965,1.60,1.00
2009.02.03 12:06:04.498,1.6492,1.6496,1.60,1.00
2009.02.03 12:06:05.158,1.64885,1.64965,6.40,3.20
2009.02.03 12:06:05.508,1.64875,1.64965,11.40,4.60
2009.02.03 12:06:06.998,1.64895,1.64965,1.60,4.00
2009.02.03 12:06:07.507,1.6489,1.64965,2.20,4.00
2009.02.03 12:06:07.907,1.64895,1.6497,4.00,6.40
2009.02.03 12:06:08.667,1.64895,1.6497,4.00,7.00
2009.02.03 12:06:08.787,1.64895,1.64965,2.20,1.00
2009.02.03 12:06:09.297,1.6489,1.64965,8.80,6.40
2009.02.03 12:06:10.577,1.64895,1.64965,2.20,1.00
2009.02.03 12:06:10.877,1.64895,1.64945,1.00,1.00
2009.02.03 12:06:11.226,1.6489,1.6496,1.60,4.00
2009.02.03 12:06:11.516,1.64895,1.64975,2.20,1.00
2009.02.03 12:06:12.986,1.649,1.64945,6.40,1.00
2009.02.03 12:06:13.226,1.649,1.64975,7.00,1.00
2009.02.03 12:06:14.196,1.649,1.64945,7.00,1.00
2009.02.03 12:06:14.876,1.649,1.64955,7.00,1.60
2009.02.03 12:06:15.446,1.64895,1.6494,3.00,6.20
2009.02.03 12:06:15.736,1.64895,1.64955,3.00,1.00
2009.02.03 12:06:16.205,1.6489,1.64935,2.20,1.00
2009.02.03 12:06:16.605,1.64885,1.64935,1.60,1.00
2009.02.03 12:06:17.475,1.6489,1.64935,1.60,4.00
2009.02.03 12:06:17.705,1.6489,1.64945,1.60,2.40
2009.02.03 12:06:18.045,1.6489,1.6495,1.60,1.00
2009.02.03 12:06:19.425,1.64895,1.64955,3.00,3.40
2009.02.03 12:06:19.595,1.64895,1.6495,3.00,1.00
2009.02.03 12:06:19.714,1.64895,1.6494,3.00,1.00
2009.02.03 12:06:19.765,1.64885,1.64935,7.00,1.00
2009.02.03 12:06:20.064,1.6489,1.6494,1.60,1.00
2009.02.03 12:06:20.124,1.6489,1.6495,1.60,2.80
2009.02.03 12:06:20.234,1.6489,1.64935,1.60,4.00
2009.02.03 12:06:20.634,1.6489,1.6495,1.60,1.00
2009.02.03 12:06:21.794,1.6489,1.6495,1.60,1.00
2009.02.03 12:06:23.884,1.6488,1.6495,8.20,2.80
2009.02.03 12:06:24.193,1.6488,1.6495,3.40,2.80
2009.02.03 12:06:24.653,1.6488,1.64945,1.60,2.40
2009.02.03 12:06:25.053,1.6489,1.6495,1.60,4.20
2009.02.03 12:06:25.573,1.64885,1.6495,1.60,2.80
2009.02.03 12:06:26.423,1.6488,1.6495,2.20,1.00
2009.02.03 12:06:26.643,1.6489,1.6495,1.60,1.00
2009.02.03 12:06:27.613,1.6488,1.64935,4.00,1.00
2009.02.03 12:06:27.793,1.64885,1.64935,8.20,1.00
2009.02.03 12:06:28.123,1.64885,1.64935,1.60,1.00
2009.02.03 12:06:30.102,1.6489,1.64935,1.60,1.00
2009.02.03 12:06:30.682,1.6489,1.64935,1.60,4.00
2009.02.03 12:06:31.272,1.6488,1.64935,4.80,1.00
2009.02.03 12:06:31.902,1.64885,1.64935,1.60,4.00
2009.02.03 12:06:33.871,1.6488,1.64935,1.60,4.00
2009.02.03 12:06:34.321,1.64885,1.64935,1.60,4.00
2009.02.03 12:06:35.681,1.6489,1.64935,1.60,4.00
2009.02.03 12:06:35.901,1.64895,1.64935,3.00,4.00
2009.02.03 12:06:36.320,1.6489,1.6495,1.60,1.00
2009.02.03 12:06:37.070,1.6489,1.6495,1.60,1.60
2009.02.03 12:06:37.700,1.6487,1.64935,1.60,4.00
2009.02.03 12:06:37.880,1.64865,1.64935,6.20,6.20
2009.02.03 12:06:38.170,1.64865,1.64935,6.20,1.40
2009.02.03 12:06:38.580,1.6488,1.6494,1.00,1.00
2009.02.03 12:06:38.800,1.6488,1.6495,7.00,1.00
2009.02.03 12:06:39.140,1.64885,1.64955,3.00,2.80
2009.02.03 12:06:39.380,1.64875,1.6495,7.00,1.00
2009.02.03 12:06:40.010,1.6488,1.6495,7.00,1.00
2009.02.03 12:06:43.979,1.6488,1.64945,7.00,4.80
2009.02.03 12:06:44.728,1.6488,1.64945,1.60,4.80
2009.02.03 12:06:44.849,1.64895,1.64955,3.00,5.00
2009.02.03 12:06:45.068,1.64895,1.64955,3.00,5.60
2009.02.03 12:06:45.418,1.64895,1.64955,1.00,5.60
2009.02.03 12:06:45.998,1.64895,1.6495,5.00,1.00
2009.02.03 12:06:46.348,1.64905,1.64955,1.60,1.00
2009.02.03 12:06:47.268,1.64895,1.64955,4.80,1.00
2009.02.03 12:06:52.187,1.64895,1.6496,4.80,1.00
2009.02.03 12:06:52.527,1.649,1.6496,1.60,1.00
2009.02.03 12:06:52.647,1.6489,1.6495,8.80,1.00
2009.02.03 12:06:53.176,1.64895,1.6495,1.00,1.00
2009.02.03 12:06:53.507,1.64895,1.6495,7.00,1.00
2009.02.03 12:06:53.626,1.6489,1.64945,2.20,1.00
2009.02.03 12:06:54.076,1.6489,1.64945,7.00,1.00
2009.02.03 12:06:54.496,1.64895,1.64945,1.60,1.00
2009.02.03 12:06:54.776,1.6489,1.6495,2.20,1.00
2009.02.03 12:06:55.306,1.6491,1.6495,7.00,1.00
2009.02.03 12:06:55.846,1.64915,1.64945,6.40,1.00
2009.02.03 12:06:56.136,1.649,1.64945,1.00,1.00
2009.02.03 12:06:56.656,1.64895,1.64945,7.00,1.00
2009.02.03 12:06:57.126,1.64895,1.64945,2.20,1.00
2009.02.03 12:06:57.585,1.6491,1.64945,3.00,1.00
2009.02.03 12:06:58.275,1.6488,1.64945,2.20,1.00
2009.02.03 12:06:58.625,1.649,1.64945,3.00,1.00
2009.02.03 12:07:00.585,1.6489,1.64945,2.20,1.00
2009.02.03 12:07:01.095,1.6489,1.64935,7.00,1.00
2009.02.03 12:07:07.863,1.6489,1.64935,1.60,1.00
2009.02.03 12:07:08.383,1.6488,1.64935,7.00,1.00
2009.02.03 12:07:12.902,1.6488,1.6493,7.00,1.00
2009.02.03 12:07:13.252,1.64875,1.6493,2.20,1.00
2009.02.03 12:07:13.601,1.64875,1.64935,8.80,1.00
2009.02.03 12:07:13.991,1.6488,1.64935,7.00,1.00
2009.02.03 12:07:16.591,1.6487,1.6493,2.20,1.00
2009.02.03 12:07:17.480,1.6488,1.6493,5.40,1.00
2009.02.03 12:07:17.590,1.64875,1.6493,7.00,1.00
2009.02.03 12:07:22.689,1.64895,1.6493,3.00,1.00
2009.02.03 12:07:22.809,1.64895,1.64935,3.00,1.00
2009.02.03 12:07:25.579,1.6488,1.64925,3.00,1.00
2009.02.03 12:07:27.078,1.6488,1.64925,3.00,1.40
2009.02.03 12:07:27.198,1.6488,1.64925,3.00,3.00
2009.02.03 12:07:32.407,1.6488,1.64925,3.00,3.00
2009.02.03 12:07:32.527,1.6488,1.64935,3.00,4.00
2009.02.03 12:07:32.587,1.6488,1.64935,3.00,1.00
2009.02.03 12:07:34.586,1.6488,1.64935,3.00,1.00
2009.02.03 12:07:37.596,1.6489,1.6494,3.00,3.60
2009.02.03 12:07:40.935,1.64905,1.6494,3.00,3.60
2009.02.03 12:07:41.045,1.64905,1.6494,3.00,3.00
2009.02.03 12:07:41.155,1.64905,1.64955,3.00,1.60
2009.02.03 12:07:41.325,1.64905,1.64955,3.00,3.60
2009.02.03 12:07:41.505,1.6491,1.64955,3.00,3.60
2009.02.03 12:07:41.685,1.6491,1.6496,3.00,1.00
2009.02.03 12:07:45.824,1.6491,1.6496,3.00,5.40
2009.02.03 12:07:46.334,1.6491,1.6496,3.00,2.40
2009.02.03 12:07:46.793,1.64905,1.64945,1.60,1.00
2009.02.03 12:07:47.134,1.64905,1.64945,1.60,2.40
2009.02.03 12:07:47.354,1.64885,1.64945,3.00,2.40
2009.02.03 12:07:47.523,1.64885,1.6495,3.00,4.80
2009.02.03 12:07:47.683,1.64885,1.6495,3.00,3.40
2009.02.03 12:07:48.723,1.64885,1.64935,3.00,1.00
2009.02.03 12:07:48.953,1.64885,1.6494,3.00,3.20
2009.02.03 12:07:49.063,1.64885,1.6494,3.00,2.40
2009.02.03 12:07:49.593,1.64885,1.6494,3.00,3.20
2009.02.03 12:07:51.563,1.6485,1.64925,5.40,1.00
2009.02.03 12:07:52.082,1.6485,1.64925,3.00,1.00
2009.02.03 12:07:52.312,1.64855,1.64925,3.00,1.00
2009.02.03 12:07:53.652,1.64865,1.64925,3.00,3.20
2009.02.03 12:07:54.122,1.64865,1.64925,3.00,2.40
2009.02.03 12:07:54.292,1.64855,1.6492,8.80,1.00
2009.02.03 12:07:55.221,1.64855,1.6492,8.20,2.40
2009.02.03 12:07:55.401,1.6487,1.64925,3.00,3.20
2009.02.03 12:07:56.561,1.64845,1.6492,3.00,3.20
2009.02.03 12:07:56.971,1.6486,1.6492,3.00,2.40
2009.02.03 12:07:57.191,1.64845,1.64905,5.00,1.00
2009.02.03 12:07:57.601,1.6485,1.64905,1.60,1.00
2009.02.03 12:07:57.711,1.6485,1.64905,3.00,1.00
2009.02.03 12:08:01.080,1.64885,1.64915,3.00,1.00
2009.02.03 12:08:01.890,1.6485,1.64905,1.60,1.00
2009.02.03 12:08:02.070,1.64835,1.649,6.40,1.00
2009.02.03 12:08:02.300,1.64825,1.649,7.00,1.00
2009.02.03 12:08:02.530,1.64825,1.649,7.00,1.00
2009.02.03 12:08:02.710,1.6481,1.64895,8.80,2.40
2009.02.03 12:08:03.519,1.6482,1.64895,1.60,2.40
2009.02.03 12:08:03.689,1.6484,1.649,3.00,1.00
2009.02.03 12:08:03.749,1.6482,1.649,7.00,1.00
2009.02.03 12:08:04.039,1.6482,1.649,7.00,1.00
2009.02.03 12:08:04.139,1.64815,1.64895,4.00,2.40
2009.02.03 12:08:04.199,1.6481,1.64895,8.80,2.40
2009.02.03 12:08:06.449,1.6482,1.64895,3.80,2.40
2009.02.03 12:08:06.749,1.6482,1.64895,3.80,2.80
2009.02.03 12:08:06.868,1.64835,1.64895,3.00,4.80
2009.02.03 12:08:07.319,1.64835,1.64895,3.00,8.80
2009.02.03 12:08:07.498,1.64835,1.64895,3.00,7.40
2009.02.03 12:08:08.678,1.6483,1.64895,1.60,7.20
2009.02.03 12:08:09.008,1.6483,1.64895,1.60,3.20
2009.02.03 12:08:09.878,1.64835,1.64885,3.00,1.00
2009.02.03 12:08:10.288,1.648,1.6487,5.60,1.00
2009.02.03 12:08:10.578,1.64815,1.6487,1.60,1.00
2009.02.03 12:08:10.748,1.64825,1.64875,3.00,6.20
2009.02.03 12:08:11.157,1.64825,1.649,3.00,4.60
2009.02.03 12:08:12.087,1.6485,1.64895,3.00,4.80
2009.02.03 12:08:12.897,1.64865,1.6492,3.00,4.20
2009.02.03 12:08:13.537,1.64865,1.64925,3.00,6.20
2009.02.03 12:08:13.887,1.6485,1.6493,2.20,2.40
2009.02.03 12:08:14.117,1.6485,1.6491,1.60,2.40
2009.02.03 12:08:14.627,1.6485,1.6493,2.20,4.00
2009.02.03 12:08:15.237,1.6485,1.6493,2.20,2.40
2009.02.03 12:08:15.417,1.64855,1.64935,4.60,4.00
2009.02.03 12:08:16.347,1.64865,1.6493,3.00,7.00
2009.02.03 12:08:16.696,1.6488,1.6493,3.00,2.40
2009.02.03 12:08:17.086,1.6488,1.6493,3.00,4.00
2009.02.03 12:08:17.836,1.6488,1.64925,3.00,6.20
2009.02.03 12:08:18.426,1.64865,1.6494,2.20,3.20
2009.02.03 12:08:19.776,1.64865,1.6492,3.00,1.00
2009.02.03 12:08:20.345,1.6487,1.6492,1.60,1.00
2009.02.03 12:08:20.745,1.64875,1.6492,3.00,6.20
2009.02.03 12:08:21.095,1.64875,1.6493,3.00,4.60
2009.02.03 12:08:21.625,1.64875,1.64925,3.00,6.20
2009.02.03 12:08:21.915,1.64885,1.64935,4.80,3.60
2009.02.03 12:08:23.135,1.6489,1.64935,3.00,3.00
2009.02.03 12:08:24.114,1.64895,1.6495,3.00,4.60
2009.02.03 12:08:24.295,1.64895,1.6495,3.00,3.20
2009.02.03 12:08:24.524,1.64895,1.64945,3.00,3.20
2009.02.03 12:08:24.754,1.64895,1.64935,3.00,1.00
2009.02.03 12:08:24.994,1.6486,1.64915,7.00,1.00
2009.02.03 12:08:25.154,1.64855,1.64915,3.00,1.00
2009.02.03 12:08:25.914,1.64865,1.64925,3.00,8.00
2009.02.03 12:08:26.504,1.64875,1.64915,3.00,1.00
2009.02.03 12:08:26.964,1.6487,1.64915,1.60,1.00
2009.02.03 12:08:27.484,1.6486,1.64915,3.00,1.00
2009.02.03 12:08:27.774,1.6486,1.6491,3.00,1.00
2009.02.03 12:08:28.403,1.64855,1.64905,3.20,3.00
2009.02.03 12:08:28.983,1.64855,1.64905,1.60,3.00
2009.02.03 12:08:29.494,1.64865,1.64905,1.00,3.00
2009.02.03 12:08:29.773,1.6487,1.64915,8.20,5.60
2009.02.03 12:08:30.124,1.6489,1.6491,3.00,6.20
2009.02.03 12:08:30.663,1.649,1.6497,3.00,2.40
2009.02.03 12:08:30.963,1.64885,1.6497,5.60,2.40
2009.02.03 12:08:31.663,1.64885,1.6497,5.00,2.40
2009.02.03 12:08:32.462,1.64895,1.64955,3.20,2.40
2009.02.03 12:08:32.692,1.64895,1.64955,7.20,2.40
2009.02.03 12:08:32.872,1.64895,1.64955,9.00,2.40
2009.02.03 12:08:33.222,1.64895,1.6496,9.00,2.40
2009.02.03 12:08:34.202,1.64895,1.64955,9.00,2.40
2009.02.03 12:08:34.782,1.64895,1.64955,7.20,2.40
2009.02.03 12:08:35.192,1.64895,1.6496,7.20,6.20
2009.02.03 12:08:35.252,1.64895,1.6497,7.20,3.20
2009.02.03 12:08:35.711,1.64895,1.6497,7.20,4.60
2009.02.03 12:08:37.221,1.64895,1.64955,7.20,1.60
2009.02.03 12:08:37.391,1.64895,1.64955,4.00,2.20
2009.02.03 12:08:37.511,1.6489,1.6495,3.00,2.40
2009.02.03 12:08:37.921,1.6489,1.64945,3.00,3.20
2009.02.03 12:08:38.041,1.6489,1.6495,3.00,4.00
2009.02.03 12:08:38.501,1.6489,1.64935,3.00,1.00
2009.02.03 12:08:38.911,1.64855,1.6494,1.80,9.60
2009.02.03 12:08:39.131,1.6488,1.64935,3.00,4.00
2009.02.03 12:08:39.591,1.6488,1.64945,3.00,4.00
2009.02.03 12:08:40.111,1.64855,1.64935,6.20,1.00
2009.02.03 12:08:40.650,1.6489,1.6493,3.00,4.00
2009.02.03 12:08:40.921,1.6485,1.64945,11.60,4.00
2009.02.03 12:08:41.211,1.6485,1.64935,5.00,2.40
2009.02.03 12:08:41.440,1.6485,1.64935,7.00,2.40
2009.02.03 12:08:41.620,1.6486,1.6494,5.40,1.40
2009.02.03 12:08:42.040,1.6486,1.6495,7.00,2.40
2009.02.03 12:08:42.510,1.64875,1.6495,3.80,2.40
2009.02.03 12:08:43.040,1.6488,1.64955,7.00,2.40
2009.02.03 12:08:43.620,1.64895,1.64955,3.20,2.40
2009.02.03 12:08:43.850,1.64895,1.64955,3.20,4.00
2009.02.03 12:08:43.970,1.64895,1.6497,7.20,6.20
2009.02.03 12:08:44.030,1.64895,1.6497,7.20,4.00
2009.02.03 12:08:45.969,1.64895,1.6496,7.20,1.00
2009.02.03 12:08:46.669,1.64895,1.64965,7.20,3.20
2009.02.03 12:08:47.139,1.649,1.6497,2.20,3.00
2009.02.03 12:08:47.499,1.6491,1.64965,6.40,1.00
2009.02.03 12:08:47.839,1.64925,1.6498,3.00,2.40
2009.02.03 12:08:48.709,1.64925,1.6498,3.00,1.00
2009.02.03 12:08:51.568,1.64925,1.6496,3.00,1.00
2009.02.03 12:08:51.868,1.64905,1.6496,6.40,2.80
2009.02.03 12:08:51.988,1.64895,1.64945,4.80,1.00
2009.02.03 12:08:52.107,1.649,1.64945,1.60,1.00
2009.02.03 12:08:52.208,1.64895,1.64955,4.80,2.40
2009.02.03 12:08:52.617,1.64895,1.64955,4.80,9.00
2009.02.03 12:08:52.728,1.64895,1.64955,4.80,5.00
2009.02.03 12:08:53.477,1.64895,1.64955,4.80,3.40
2009.02.03 12:08:53.827,1.649,1.64945,1.60,1.00
2009.02.03 12:08:54.307,1.649,1.64945,1.60,1.00
2009.02.03 12:09:00.996,1.649,1.6493,1.60,1.00
2009.02.03 12:09:01.515,1.64895,1.6493,1.60,1.00
2009.02.03 12:09:03.395,1.6489,1.64925,1.60,1.00
2009.02.03 12:09:04.275,1.6489,1.64925,1.60,4.20
2009.02.03 12:09:04.675,1.6489,1.64925,1.60,4.00
2009.02.03 12:09:04.955,1.6489,1.64935,1.60,6.80
2009.02.03 12:09:05.424,1.6489,1.6493,1.60,1.00
2009.02.03 12:09:06.364,1.6487,1.6493,1.00,1.00
2009.02.03 12:09:06.934,1.6487,1.64925,1.00,1.00
2009.02.03 12:09:08.794,1.6487,1.64925,3.00,1.00
2009.02.03 12:09:08.964,1.6487,1.6492,3.00,1.00
2009.02.03 12:09:09.373,1.64865,1.6492,2.20,1.00
2009.02.03 12:09:09.723,1.6485,1.6492,7.00,1.00
2009.02.03 12:09:09.833,1.6485,1.6492,1.00,1.00
2009.02.03 12:09:10.123,1.64845,1.64915,6.40,2.40
2009.02.03 12:09:10.523,1.6484,1.64905,6.40,2.40
2009.02.03 12:09:11.033,1.64835,1.64915,2.20,4.00
2009.02.03 12:09:11.623,1.64835,1.64915,7.00,4.00
2009.02.03 12:09:11.973,1.64835,1.64905,2.20,1.00
2009.02.03 12:09:12.323,1.64835,1.64905,7.00,1.00
2009.02.03 12:09:12.673,1.64835,1.64915,7.00,4.00
2009.02.03 12:09:15.012,1.64835,1.649,7.00,1.60
2009.02.03 12:09:15.192,1.64835,1.649,1.00,2.20
2009.02.03 12:09:15.302,1.64825,1.64885,4.80,2.40
2009.02.03 12:09:15.762,1.6481,1.64885,7.00,2.40
2009.02.03 12:09:16.062,1.64815,1.64895,2.20,2.40
2009.02.03 12:09:16.472,1.6482,1.64895,7.00,2.40
2009.02.03 12:09:16.932,1.64815,1.64895,2.20,7.20
2009.02.03 12:09:17.672,1.64815,1.6488,2.20,1.00
2009.02.03 12:09:17.791,1.64795,1.6487,3.00,4.00
2009.02.03 12:09:18.071,1.64795,1.64865,3.00,2.40
2009.02.03 12:09:18.311,1.64795,1.64865,3.00,4.00
2009.02.03 12:09:19.521,1.64795,1.64865,3.00,2.40
2009.02.03 12:09:19.981,1.64795,1.6487,3.00,4.00
2009.02.03 12:09:20.611,1.64795,1.64865,3.60,6.20
2009.02.03 12:09:20.791,1.648,1.6487,1.00,6.20
2009.02.03 12:09:20.971,1.648,1.6488,7.00,4.20
2009.02.03 12:09:21.670,1.648,1.64875,7.00,2.40
2009.02.03 12:09:23.360,1.648,1.6487,7.00,1.60
2009.02.03 12:09:23.530,1.648,1.64855,7.00,1.00
2009.02.03 12:09:23.650,1.648,1.64855,3.60,1.00
2009.02.03 12:09:23.770,1.64795,1.6486,12.80,2.40
2009.02.03 12:09:24.160,1.6481,1.64855,3.00,4.00
2009.02.03 12:09:24.280,1.6481,1.6489,3.00,6.40
2009.02.03 12:09:24.580,1.64795,1.6487,7.80,1.00
2009.02.03 12:09:24.700,1.6479,1.6487,3.80,1.00
2009.02.03 12:09:25.110,1.6479,1.6487,3.00,1.00
2009.02.03 12:09:25.679,1.648,1.6486,3.00,1.00
2009.02.03 12:09:27.179,1.648,1.6486,3.00,1.00
2009.02.03 12:09:28.899,1.648,1.6486,4.80,1.00
2009.02.03 12:09:29.429,1.64815,1.64865,1.60,10.40
2009.02.03 12:09:29.599,1.64815,1.6487,1.60,1.00
2009.02.03 12:09:30.109,1.64805,1.64855,7.00,1.00
2009.02.03 12:09:30.788,1.64795,1.64855,5.40,1.00
2009.02.03 12:09:31.538,1.648,1.64855,3.00,1.00
2009.02.03 12:09:36.747,1.648,1.6485,3.00,1.00
2009.02.03 12:09:37.247,1.648,1.6486,3.00,1.00
2009.02.03 12:09:39.556,1.648,1.6485,3.00,1.60
2009.02.03 12:09:39.797,1.6479,1.6483,2.20,1.00
2009.02.03 12:09:40.026,1.64795,1.64825,6.40,1.00
2009.02.03 12:09:40.146,1.64755,1.6482,3.00,1.00
2009.02.03 12:09:40.786,1.64755,1.6482,3.00,1.00
2009.02.03 12:09:41.026,1.64755,1.64815,3.00,1.00
2009.02.03 12:09:41.486,1.64765,1.64815,3.00,1.00
2009.02.03 12:09:42.426,1.64765,1.64825,3.00,4.20
2009.02.03 12:09:43.005,1.64765,1.64825,3.00,1.00
2009.02.03 12:09:44.105,1.64765,1.64825,4.80,1.00
2009.02.03 12:09:46.165,1.64775,1.64825,1.60,1.00
2009.02.03 12:09:46.745,1.64765,1.64825,4.80,1.00
2009.02.03 12:09:47.614,1.64775,1.64825,1.60,1.00
2009.02.03 12:09:48.694,1.64765,1.64825,4.80,1.00
2009.02.03 12:09:50.244,1.64765,1.64825,3.00,1.00
2009.02.03 12:09:50.744,1.64765,1.64825,4.80,1.00
2009.02.03 12:09:51.214,1.64765,1.64825,3.00,1.00
2009.02.03 12:09:52.483,1.6478,1.64825,3.00,1.00
2009.02.03 12:09:52.883,1.6478,1.6483,3.00,1.00
2009.02.03 12:09:53.923,1.6478,1.64835,3.00,1.00
2009.02.03 12:09:56.772,1.6478,1.6484,3.00,1.00
2009.02.03 12:09:57.692,1.6478,1.6484,3.00,1.00
2009.02.03 12:09:58.042,1.6478,1.6484,3.00,1.00
2009.02.03 12:09:58.162,1.6478,1.6484,4.80,1.00
2009.02.03 12:09:58.322,1.6478,1.6484,4.80,1.00
2009.02.03 12:09:58.432,1.6478,1.6484,4.80,1.00
2009.02.03 12:09:58.992,1.6478,1.6482,3.00,1.00
2009.02.03 12:09:59.631,1.64765,1.64815,3.00,1.00
2009.02.03 12:09:59.801,1.6478,1.6483,3.00,2.40
2009.02.03 12:10:00.142,1.6478,1.6483,3.00,1.00
2009.02.03 12:10:01.461,1.6478,1.64825,3.00,1.00
2009.02.03 12:10:01.691,1.64765,1.6482,3.00,1.00
2009.02.03 12:10:02.941,1.64765,1.6481,3.00,1.00
2009.02.03 12:10:07.809,1.64765,1.64815,3.00,1.00
2009.02.03 12:10:08.040,1.64765,1.6481,3.00,1.00
2009.02.03 12:10:09.879,1.64765,1.64815,3.00,1.00
2009.02.03 12:10:10.698,1.64765,1.6481,3.00,1.00
2009.02.03 12:10:12.358,1.64765,1.64815,3.00,1.00
2009.02.03 12:10:12.778,1.64765,1.6481,3.00,1.00
2009.02.03 12:10:15.368,1.64765,1.64825,3.00,4.20
2009.02.03 12:10:15.888,1.64765,1.6482,3.00,2.40
2009.02.03 12:10:16.298,1.64765,1.6481,3.00,1.00
2009.02.03 12:10:17.777,1.6475,1.6481,1.60,4.20
2009.02.03 12:10:18.187,1.64755,1.648,3.00,2.40
2009.02.03 12:10:18.527,1.64755,1.64805,3.00,8.00
2009.02.03 12:10:19.037,1.6472,1.64795,5.60,1.00
2009.02.03 12:10:20.026,1.64745,1.64805,3.00,5.40
2009.02.03 12:10:20.676,1.6473,1.648,3.00,3.20
2009.02.03 12:10:21.066,1.6473,1.64785,3.00,1.00
2009.02.03 12:10:22.046,1.64725,1.6479,8.80,1.00
2009.02.03 12:10:22.636,1.64735,1.6479,1.60,6.20
2009.02.03 12:10:23.385,1.64735,1.6479,1.60,6.40
2009.02.03 12:10:23.915,1.64725,1.64775,4.80,1.00
2009.02.03 12:10:24.426,1.64735,1.64775,1.60,1.00
2009.02.03 12:10:27.344,1.64735,1.64775,1.60,1.00
2009.02.03 12:10:28.414,1.6473,1.64785,1.60,4.00
2009.02.03 12:10:28.864,1.64735,1.648,1.60,3.20
2009.02.03 12:10:29.374,1.64735,1.648,1.60,2.40
2009.02.03 12:10:29.834,1.6473,1.64795,2.20,1.00
2009.02.03 12:10:30.354,1.6474,1.64795,1.60,2.80
2009.02.03 12:10:30.764,1.64755,1.64795,3.00,2.40
2009.02.03 12:10:31.364,1.64755,1.6481,3.00,1.00
2009.02.03 12:10:32.113,1.64765,1.64825,3.00,1.00
2009.02.03 12:10:32.693,1.64765,1.64825,3.60,1.00
2009.02.03 12:10:33.144,1.64765,1.64825,3.00,1.00
2009.02.03 12:10:34.283,1.64765,1.64825,5.40,1.00
2009.02.03 12:10:35.163,1.64765,1.64825,3.00,1.00
2009.02.03 12:10:35.453,1.64775,1.6483,3.00,1.00
2009.02.03 12:10:35.573,1.64775,1.64835,3.00,6.20
2009.02.03 12:10:36.043,1.64775,1.64835,3.00,1.00
2009.02.03 12:10:36.273,1.64775,1.64835,5.40,1.00
2009.02.03 12:10:36.743,1.6479,1.64835,1.60,1.00
2009.02.03 12:10:41.141,1.6479,1.6484,3.00,2.00
2009.02.03 12:10:41.471,1.6479,1.6484,3.00,1.00
2009.02.03 12:10:41.711,1.64775,1.64835,2.20,1.00
2009.02.03 12:10:42.041,1.6477,1.64835,3.00,1.00
2009.02.03 12:10:42.611,1.6477,1.6483,3.00,1.00
2009.02.03 12:10:42.721,1.6477,1.64835,3.00,3.40
2009.02.03 12:10:43.411,1.6477,1.64825,3.00,1.00
2009.02.03 12:10:44.331,1.6478,1.64835,3.20,2.60
2009.02.03 12:10:44.500,1.64785,1.6483,3.00,1.00
2009.02.03 12:10:45.071,1.648,1.64845,3.00,4.60
2009.02.03 12:10:45.370,1.648,1.6484,3.00,1.00
2009.02.03 12:10:45.590,1.648,1.6485,3.00,4.00
2009.02.03 12:10:46.350,1.648,1.6483,3.00,1.00
2009.02.03 12:10:49.010,1.64785,1.6483,3.00,1.00
2009.02.03 12:10:49.119,1.64785,1.6482,3.00,1.00
2009.02.03 12:10:49.349,1.64775,1.6482,3.00,1.00
2009.02.03 12:10:49.519,1.64775,1.64815,3.00,1.00
2009.02.03 12:10:49.809,1.6474,1.6481,4.80,1.00
2009.02.03 12:10:49.970,1.6474,1.6481,3.00,1.00
2009.02.03 12:10:50.079,1.64765,1.6481,3.00,1.00
2009.02.03 12:10:50.559,1.64765,1.64825,3.00,3.20
2009.02.03 12:10:50.729,1.64765,1.6482,3.00,1.00
2009.02.03 12:10:50.959,1.64745,1.6482,8.80,1.00
2009.02.03 12:10:51.369,1.64755,1.64835,2.20,3.20
2009.02.03 12:10:51.659,1.6476,1.6483,2.20,1.00
2009.02.03 12:10:51.839,1.6476,1.6484,2.20,4.20
2009.02.03 12:10:52.019,1.64765,1.6484,2.20,6.40
2009.02.03 12:10:52.369,1.64785,1.6484,3.00,6.40
2009.02.03 12:10:57.977,1.64785,1.64835,3.00,1.00
2009.02.03 12:11:01.286,1.64775,1.64835,1.60,1.00
2009.02.03 12:11:01.696,1.64775,1.6484,1.60,3.20
2009.02.03 12:11:02.086,1.6476,1.64825,4.00,1.00
2009.02.03 12:11:02.366,1.64765,1.6483,1.60,3.20
2009.02.03 12:11:03.036,1.6477,1.6483,1.60,6.80
2009.02.03 12:11:03.266,1.6477,1.6483,1.60,1.00
2009.02.03 12:11:04.066,1.64775,1.6484,1.60,4.60
2009.02.03 12:11:06.475,1.64785,1.6484,3.00,4.60
2009.02.03 12:11:06.985,1.64775,1.64835,3.00,7.00
2009.02.03 12:11:07.495,1.64785,1.64835,3.00,2.40
2009.02.03 12:11:07.845,1.64785,1.64835,3.00,1.00
2009.02.03 12:11:13.994,1.64775,1.64835,1.60,1.00
2009.02.03 12:11:15.673,1.6477,1.6482,4.80,1.00
2009.02.03 12:11:15.793,1.6476,1.6483,5.00,3.20
2009.02.03 12:11:16.333,1.64765,1.6483,2.20,1.00
2009.02.03 12:11:16.753,1.64765,1.6483,4.00,1.00
2009.02.03 12:11:21.462,1.64765,1.6482,2.20,1.00
2009.02.03 12:11:22.022,1.64775,1.6482,3.00,1.00
2009.02.03 12:11:22.471,1.64765,1.6482,7.00,1.00
2009.02.03 12:11:22.831,1.64775,1.6482,3.00,1.00
2009.02.03 12:11:23.971,1.64785,1.6482,3.00,1.00
2009.02.03 12:11:31.869,1.64775,1.6482,3.00,1.00
2009.02.03 12:11:32.859,1.64765,1.64815,6.40,1.00
2009.02.03 12:11:32.969,1.6475,1.64815,4.00,1.00
2009.02.03 12:11:33.139,1.6475,1.64815,2.20,1.00
2009.02.03 12:11:38.337,1.64755,1.64815,8.80,1.00
2009.02.03 12:11:41.127,1.64775,1.64815,3.00,1.00
2009.02.03 12:11:45.346,1.64755,1.64815,8.80,1.00
2009.02.03 12:11:45.406,1.6476,1.64815,1.00,1.00
2009.02.03 12:11:45.466,1.6476,1.64815,2.20,1.00
2009.02.03 12:11:47.445,1.6476,1.64825,4.00,1.00
2009.02.03 12:11:47.505,1.64765,1.64825,8.80,1.00
2009.02.03 12:11:48.075,1.64765,1.6483,2.20,1.00
2009.02.03 12:11:48.595,1.64785,1.6483,3.00,1.00
2009.02.03 12:11:50.494,1.64785,1.64825,3.00,1.60
2009.02.03 12:11:50.555,1.64785,1.64825,3.00,2.20
2009.02.03 12:11:51.154,1.64765,1.64825,4.00,2.20
2009.02.03 12:11:55.973,1.64765,1.64825,7.40,2.20
2009.02.03 12:11:58.183,1.6477,1.64835,1.60,6.40
2009.02.03 12:11:58.403,1.6477,1.64835,1.60,1.00
2009.02.03 12:11:59.612,1.6477,1.64835,1.60,1.60
2009.02.03 12:11:59.732,1.64765,1.6483,2.20,1.00
2009.02.03 12:11:59.962,1.64765,1.6481,2.20,1.60
2009.02.03 12:12:00.312,1.6477,1.6481,1.60,2.20
2009.02.03 12:12:00.872,1.6477,1.64805,1.60,1.00
2009.02.03 12:12:01.512,1.64765,1.6482,2.20,4.80
2009.02.03 12:12:02.032,1.6477,1.64825,7.00,1.00
2009.02.03 12:12:02.402,1.64765,1.64825,3.00,1.00
2009.02.03 12:12:04.002,1.64765,1.6483,3.00,3.40
2009.02.03 12:12:04.401,1.64765,1.6482,3.00,1.00
2009.02.03 12:12:05.051,1.64765,1.64825,3.00,3.20
2009.02.03 12:12:05.402,1.64765,1.64825,3.00,2.40
2009.02.03 12:12:05.571,1.64775,1.6483,1.60,4.20
2009.02.03 12:12:06.021,1.6478,1.6483,1.60,6.40
2009.02.03 12:12:06.371,1.64775,1.6483,1.60,6.40
2009.02.03 12:12:06.821,1.64775,1.64825,1.60,1.00
2009.02.03 12:12:10.950,1.64765,1.64825,4.80,1.00
2009.02.03 12:12:11.639,1.6477,1.64825,1.60,1.00
2009.02.03 12:12:12.209,1.6477,1.64825,1.60,2.80
2009.02.03 12:12:12.379,1.64765,1.64825,1.60,2.80
2009.02.03 12:12:12.549,1.6476,1.64825,2.80,7.00
2009.02.03 12:12:13.189,1.64775,1.6483,1.60,4.00
2009.02.03 12:12:13.609,1.64775,1.6485,8.80,1.00
2009.02.03 12:12:14.069,1.64785,1.6485,2.20,1.00
2009.02.03 12:12:15.479,1.64785,1.6485,4.00,1.00
2009.02.03 12:12:15.709,1.64785,1.6485,2.20,1.00
2009.02.03 12:12:15.999,1.64795,1.6485,1.00,1.00
2009.02.03 12:12:16.228,1.64795,1.6485,6.40,1.00
2009.02.03 12:12:16.448,1.64785,1.6485,4.00,1.00
2009.02.03 12:12:16.618,1.64785,1.6485,2.20,1.00
2009.02.03 12:12:17.318,1.64795,1.64855,1.60,2.40
2009.02.03 12:12:17.918,1.64795,1.6486,1.60,4.80
2009.02.03 12:12:18.328,1.64785,1.6485,5.60,1.00
2009.02.03 12:12:18.848,1.6479,1.6485,3.20,1.00
2009.02.03 12:12:19.178,1.64785,1.64855,5.00,3.20
2009.02.03 12:12:20.308,1.648,1.64855,3.00,2.40
2009.02.03 12:12:20.487,1.6479,1.6485,3.00,1.00
2009.02.03 12:12:20.787,1.6479,1.64855,3.00,3.20
2009.02.03 12:12:20.967,1.6479,1.6484,3.00,1.60
2009.02.03 12:12:21.597,1.6478,1.64835,4.80,2.20
2009.02.03 12:12:21.887,1.64785,1.64835,4.80,1.00
2009.02.03 12:12:22.487,1.64785,1.64845,4.80,2.20
2009.02.03 12:12:25.376,1.64785,1.6484,4.80,1.00
2009.02.03 12:12:25.496,1.64785,1.6485,4.80,2.20
2009.02.03 12:12:25.856,1.64795,1.6485,1.60,2.20
2009.02.03 12:12:25.966,1.64795,1.6485,3.00,2.20
2009.02.03 12:12:26.366,1.64785,1.64835,6.40,1.00
2009.02.03 12:12:26.666,1.64785,1.64835,3.00,1.00
2009.02.03 12:12:26.966,1.64785,1.6484,3.00,1.00
2009.02.03 12:12:27.606,1.64785,1.64845,3.00,8.60
2009.02.03 12:12:27.656,1.64795,1.6486,3.00,6.20
2009.02.03 12:12:28.465,1.64795,1.64845,3.00,1.00
2009.02.03 12:12:28.756,1.6481,1.64845,3.00,1.00
2009.02.03 12:12:29.336,1.6481,1.64855,3.00,3.20
2009.02.03 12:12:29.925,1.64795,1.64855,3.00,3.20
2009.02.03 12:12:30.045,1.6481,1.64855,3.00,3.20
2009.02.03 12:12:31.025,1.6481,1.64845,3.00,1.00
2009.02.03 12:12:31.375,1.64775,1.64845,4.00,3.20
2009.02.03 12:12:32.025,1.6477,1.64845,4.80,6.40
2009.02.03 12:12:32.384,1.64785,1.6486,3.20,4.00
2009.02.03 12:12:33.134,1.6479,1.64855,1.60,3.20
2009.02.03 12:12:33.414,1.6479,1.6485,1.60,2.40
2009.02.03 12:12:38.603,1.6479,1.64855,1.60,4.60
2009.02.03 12:12:39.343,1.6479,1.6485,1.60,2.40
2009.02.03 12:12:39.463,1.6479,1.64855,1.60,4.60
2009.02.03 12:12:40.502,1.6479,1.6485,1.60,2.40
2009.02.03 12:12:42.432,1.6479,1.64855,1.60,4.60
2009.02.03 12:12:44.042,1.6479,1.64855,1.60,3.20
2009.02.03 12:12:44.461,1.64785,1.64845,1.60,1.00
2009.02.03 12:12:44.641,1.64775,1.64835,5.00,1.00
2009.02.03 12:12:45.032,1.64775,1.64835,3.20,1.00
2009.02.03 12:12:45.322,1.64775,1.64845,5.00,3.20
2009.02.03 12:12:45.491,1.648,1.64845,3.00,3.20
2009.02.03 12:12:46.211,1.648,1.6485,3.00,1.00
2009.02.03 12:12:46.451,1.648,1.64855,3.00,3.20
2009.02.03 12:12:47.121,1.6481,1.64855,3.00,4.60
2009.02.03 12:12:48.160,1.6481,1.6486,3.00,1.00
2009.02.03 12:12:49.011,1.6481,1.6486,3.00,6.40
2009.02.03 12:12:50.420,1.64815,1.6486,3.00,6.40
2009.02.03 12:12:50.880,1.64815,1.64865,3.00,3.20
2009.02.03 12:12:50.940,1.64815,1.6486,3.00,1.00
2009.02.03 12:12:52.360,1.6483,1.6487,3.00,7.00
2009.02.03 12:12:52.700,1.64815,1.6487,4.00,7.00
2009.02.03 12:12:52.810,1.6481,1.6486,3.00,1.00
2009.02.03 12:12:53.049,1.6481,1.6486,3.00,5.60
2009.02.03 12:12:53.160,1.6481,1.6486,3.00,7.00
2009.02.03 12:12:54.079,1.64815,1.64865,3.00,4.60
2009.02.03 12:12:54.309,1.6481,1.6486,3.00,1.00
2009.02.03 12:12:54.719,1.6481,1.6486,3.00,1.00
2009.02.03 12:12:54.949,1.6481,1.6486,3.00,7.00
2009.02.03 12:12:55.229,1.6481,1.6486,4.80,6.20
2009.02.03 12:12:55.629,1.6482,1.6486,3.00,4.80
2009.02.03 12:12:55.739,1.6482,1.64875,3.00,1.00
2009.02.03 12:12:56.999,1.6482,1.6487,3.00,1.00
2009.02.03 12:12:57.358,1.6482,1.64875,3.00,3.20
2009.02.03 12:12:57.529,1.6481,1.6487,3.00,1.00
2009.02.03 12:12:58.918,1.6482,1.6487,3.00,1.00
2009.02.03 12:13:01.078,1.6481,1.6486,6.40,1.00
2009.02.03 12:13:01.527,1.64805,1.6484,1.60,1.60
2009.02.03 12:13:02.817,1.64825,1.64845,3.00,2.40
2009.02.03 12:13:03.237,1.64825,1.6488,3.00,4.00
2009.02.03 12:13:03.657,1.64825,1.64885,3.00,7.20
2009.02.03 12:13:03.967,1.6484,1.64885,1.60,2.40
2009.02.03 12:13:04.927,1.64845,1.64885,4.80,2.40
2009.02.03 12:13:05.736,1.64855,1.64895,1.60,2.40
2009.02.03 12:13:06.086,1.6485,1.64885,1.60,2.40
2009.02.03 12:13:06.736,1.6484,1.64885,4.80,2.40
2009.02.03 12:13:07.766,1.64835,1.64885,1.60,2.40
2009.02.03 12:13:08.286,1.64835,1.64875,1.60,2.40
2009.02.03 12:13:08.686,1.64835,1.64885,1.60,2.40
2009.02.03 12:13:10.865,1.6485,1.64885,3.00,2.40
2009.02.03 12:13:11.385,1.64845,1.64885,4.00,4.80
2009.02.03 12:13:11.785,1.64825,1.64895,7.80,6.20
2009.02.03 12:13:12.195,1.6485,1.64895,3.00,2.40
2009.02.03 12:13:12.495,1.64825,1.64895,3.20,6.20
2009.02.03 12:13:13.034,1.64825,1.64915,3.20,9.00
2009.02.03 12:13:13.514,1.64835,1.64905,4.60,1.00
2009.02.03 12:13:13.925,1.64835,1.64895,5.60,6.20
2009.02.03 12:13:14.285,1.6483,1.64895,1.60,2.40
2009.02.03 12:13:14.685,1.6484,1.64895,1.00,4.80
2009.02.03 12:13:15.104,1.6483,1.64885,8.20,2.40
2009.02.03 12:13:15.634,1.64835,1.64885,1.60,4.20
2009.02.03 12:13:16.084,1.64835,1.64885,1.60,2.40
2009.02.03 12:13:16.804,1.64835,1.64885,1.60,4.00
2009.02.03 12:13:17.594,1.6483,1.64885,1.60,2.40
2009.02.03 12:13:17.953,1.64835,1.64885,1.60,2.40
2009.02.03 12:13:18.413,1.6484,1.64885,3.00,1.40
2009.02.03 12:13:18.693,1.6484,1.64885,3.00,2.40
2009.02.03 12:13:19.263,1.64835,1.64885,1.60,2.60
2009.02.03 12:13:19.833,1.64835,1.6488,1.60,2.20
2009.02.03 12:13:21.403,1.64835,1.64875,1.60,1.60
2009.02.03 12:13:21.813,1.6484,1.64875,1.60,2.20
2009.02.03 12:13:22.172,1.64835,1.64875,1.60,2.20
2009.02.03 12:13:23.572,1.64845,1.6487,1.60,1.60
2009.02.03 12:13:24.052,1.6484,1.64885,1.60,2.20
2009.02.03 12:13:24.522,1.6485,1.6489,1.60,2.20
2009.02.03 12:13:24.762,1.6484,1.6489,4.80,2.20
2009.02.03 12:13:25.462,1.6484,1.6489,3.00,2.20
2009.02.03 12:13:26.341,1.6484,1.6487,3.00,1.60
2009.02.03 12:13:26.801,1.64835,1.6488,1.60,4.80
2009.02.03 12:13:27.021,1.64835,1.6488,1.60,2.20
2009.02.03 12:13:28.631,1.6483,1.64875,1.60,2.20
2009.02.03 12:13:29.381,1.64835,1.64875,1.60,2.20
2009.02.03 12:13:30.011,1.6483,1.64875,1.60,2.20
2009.02.03 12:13:30.821,1.64835,1.64875,1.60,2.20
2009.02.03 12:13:32.330,1.6483,1.64875,1.60,2.20
2009.02.03 12:13:33.630,1.64835,1.64875,1.60,2.20
2009.02.03 12:13:34.160,1.64835,1.6487,1.60,1.00
2009.02.03 12:13:34.679,1.64835,1.6488,1.60,2.20
2009.02.03 12:13:36.409,1.6483,1.6487,1.60,2.20
2009.02.03 12:13:36.630,1.64835,1.6488,1.60,2.20
2009.02.03 12:13:36.909,1.64835,1.64875,1.60,1.60
2009.02.03 12:13:37.239,1.64835,1.64875,1.60,2.20
2009.02.03 12:13:37.459,1.6482,1.6487,3.00,1.00
2009.02.03 12:13:37.519,1.6484,1.6489,1.60,6.20
2009.02.03 12:13:38.818,1.6485,1.6489,1.60,2.20
2009.02.03 12:13:39.208,1.6484,1.6489,3.00,2.20
2009.02.03 12:13:39.618,1.6484,1.64885,3.00,1.00
2009.02.03 12:13:39.958,1.64825,1.64885,1.60,2.40
2009.02.03 12:13:40.498,1.64825,1.6487,1.60,2.40
2009.02.03 12:13:41.028,1.64825,1.64875,1.60,2.40
2009.02.03 12:13:41.428,1.64825,1.64875,1.60,4.00
2009.02.03 12:13:41.948,1.6484,1.64875,3.00,1.40
2009.02.03 12:13:42.368,1.6484,1.64885,3.00,2.40
2009.02.03 12:13:42.887,1.6483,1.64885,1.60,2.40
2009.02.03 12:13:43.127,1.6484,1.64885,3.00,2.40
2009.02.03 12:13:45.297,1.6484,1.6489,3.00,2.20
2009.02.03 12:13:46.057,1.6485,1.6489,3.00,1.60
2009.02.03 12:13:46.586,1.6485,1.64895,3.00,2.20
2009.02.03 12:13:48.376,1.6484,1.6489,5.00,1.00
2009.02.03 12:13:49.006,1.6484,1.64905,5.00,4.00
2009.02.03 12:13:49.516,1.64845,1.649,1.00,6.80
2009.02.03 12:13:50.027,1.64845,1.649,1.00,1.00
2009.02.03 12:13:50.706,1.64845,1.64905,2.20,1.00
2009.02.03 12:13:51.605,1.6484,1.64905,5.60,1.00
2009.02.03 12:13:54.295,1.6484,1.64905,5.00,2.40
2009.02.03 12:13:54.745,1.6484,1.64905,5.00,4.00
2009.02.03 12:13:57.644,1.64845,1.64905,3.20,4.00
2009.02.03 12:13:57.934,1.64865,1.64905,3.00,4.00
2009.02.03 12:13:58.274,1.6483,1.64905,5.00,4.00
2009.02.03 12:14:03.592,1.64855,1.64905,3.00,4.00
2009.02.03 12:14:04.102,1.64855,1.649,3.00,6.20
2009.02.03 12:14:04.442,1.64855,1.6491,3.00,2.20
2009.02.03 12:14:05.812,1.64845,1.6491,5.00,2.20
2009.02.03 12:14:05.922,1.6484,1.64905,5.00,2.40
2009.02.03 12:14:06.342,1.6484,1.64905,3.20,3.20
2009.02.03 12:14:06.742,1.6484,1.64905,3.20,4.60
2009.02.03 12:14:07.382,1.6484,1.64905,3.20,3.20
2009.02.03 12:14:09.051,1.64835,1.64895,5.00,1.60
2009.02.03 12:14:09.571,1.6485,1.64895,3.00,2.20
2009.02.03 12:14:13.290,1.6485,1.6489,3.00,1.00
2009.02.03 12:14:13.870,1.6484,1.64905,3.20,3.20
2009.02.03 12:14:14.260,1.6484,1.6489,1.60,1.60
2009.02.03 12:14:14.430,1.6484,1.6489,1.60,2.20
2009.02.03 12:14:14.900,1.64825,1.6488,6.40,1.00
2009.02.03 12:14:15.820,1.6484,1.649,3.20,3.20
2009.02.03 12:14:16.239,1.6484,1.64895,3.20,1.00
2009.02.03 12:14:16.849,1.64855,1.64895,3.00,1.00
2009.02.03 12:14:17.179,1.64855,1.6491,3.00,2.20
2009.02.03 12:14:17.939,1.64865,1.649,3.00,1.00
2009.02.03 12:14:18.239,1.64865,1.64905,3.00,1.00
2009.02.03 12:14:19.039,1.6488,1.64915,3.00,1.00
2009.02.03 12:14:19.819,1.6487,1.6491,3.00,1.00
2009.02.03 12:14:20.908,1.6487,1.64905,3.00,1.00
2009.02.03 12:14:21.299,1.6487,1.6491,3.00,1.00
2009.02.03 12:14:22.058,1.6486,1.64905,3.60,1.00
2009.02.03 12:14:22.338,1.64855,1.64895,1.00,1.00
2009.02.03 12:14:22.728,1.64875,1.64895,3.00,1.00
2009.02.03 12:14:23.288,1.6486,1.64905,3.00,3.20
2009.02.03 12:14:23.708,1.64875,1.6492,3.00,6.80
2009.02.03 12:14:24.118,1.6489,1.6492,3.00,1.00
2009.02.03 12:14:24.697,1.64875,1.6492,3.00,1.00
2009.02.03 12:14:24.987,1.64915,1.6494,3.00,6.20
2009.02.03 12:14:25.457,1.64915,1.64995,3.00,4.60
2009.02.03 12:14:25.917,1.64915,1.64975,3.00,1.00
2009.02.03 12:14:26.547,1.64915,1.64955,4.00,1.00
2009.02.03 12:14:26.787,1.64915,1.64955,3.00,1.00
2009.02.03 12:14:27.197,1.64915,1.6495,3.00,1.00
2009.02.03 12:14:27.967,1.649,1.6495,7.00,1.00
2009.02.03 12:14:28.357,1.6489,1.64945,7.00,1.00
2009.02.03 12:14:28.586,1.6489,1.64945,2.20,1.00
2009.02.03 12:14:29.007,1.6489,1.6494,7.00,1.00
2009.02.03 12:14:31.626,1.649,1.6494,3.00,1.00
2009.02.03 12:14:32.136,1.64915,1.64945,3.00,1.00
2009.02.03 12:14:34.275,1.64915,1.6494,3.00,1.00
2009.02.03 12:14:34.565,1.649,1.6494,3.00,1.00
2009.02.03 12:14:36.654,1.6489,1.64945,2.20,1.00
2009.02.03 12:14:37.174,1.64895,1.64925,1.60,1.00
2009.02.03 12:14:37.404,1.6488,1.64915,3.60,1.00
2009.02.03 12:14:37.934,1.64875,1.6493,1.60,2.40
2009.02.03 12:14:38.244,1.6487,1.64935,2.20,1.00
2009.02.03 12:14:38.884,1.6487,1.6493,7.00,1.00
2009.02.03 12:14:39.554,1.6487,1.64925,7.00,1.00
2009.02.03 12:14:40.004,1.6487,1.6494,7.00,2.40
2009.02.03 12:14:40.453,1.6487,1.6493,4.80,3.20
2009.02.03 12:14:40.743,1.6485,1.64925,2.20,4.00
2009.02.03 12:14:41.194,1.64845,1.64925,2.20,4.00
2009.02.03 12:14:41.473,1.6487,1.64925,1.60,2.40
2009.02.03 12:14:41.895,1.6486,1.64935,2.20,1.00
2009.02.03 12:14:42.193,1.64835,1.64925,3.60,2.40
2009.02.03 12:14:42.723,1.6483,1.6492,2.20,3.20
2009.02.03 12:14:43.143,1.6483,1.64915,5.40,2.40
2009.02.03 12:14:43.553,1.6483,1.6491,7.00,2.40
2009.02.03 12:14:43.673,1.6483,1.64895,4.80,2.40
2009.02.03 12:14:44.023,1.64835,1.64895,1.60,2.40
2009.02.03 12:14:45.122,1.64825,1.64895,6.20,2.40
2009.02.03 12:14:45.583,1.64825,1.6489,5.00,2.40
2009.02.03 12:14:45.872,1.64825,1.64895,5.00,2.40
2009.02.03 12:14:46.382,1.64835,1.649,1.60,2.40
2009.02.03 12:14:46.842,1.64835,1.64905,1.60,2.40
2009.02.03 12:14:47.062,1.6483,1.6491,4.00,3.20
2009.02.03 12:14:48.262,1.6483,1.649,2.20,1.00
2009.02.03 12:14:48.442,1.6483,1.64905,7.80,3.20
2009.02.03 12:14:48.663,1.6483,1.64905,8.80,3.20
2009.02.03 12:14:48.951,1.6483,1.649,8.80,1.00
2009.02.03 12:14:49.531,1.6484,1.649,5.00,1.00
2009.02.03 12:14:49.651,1.6484,1.64905,2.20,1.00
2009.02.03 12:14:49.991,1.64835,1.64905,5.60,1.00
2009.02.03 12:14:50.111,1.64835,1.64905,7.80,1.00
2009.02.03 12:14:53.290,1.6485,1.64905,3.00,1.00
2009.02.03 12:14:53.690,1.64835,1.64905,3.80,1.00
2009.02.03 12:14:54.110,1.6485,1.64905,3.00,1.00
2009.02.03 12:14:54.290,1.6484,1.64895,6.40,1.00
2009.02.03 12:14:54.760,1.64815,1.64895,8.80,1.00
2009.02.03 12:14:55.710,1.6482,1.649,4.00,2.40
2009.02.03 12:14:56.010,1.64825,1.64895,7.00,1.00
2009.02.03 12:14:56.180,1.64815,1.64895,8.00,2.40
2009.02.03 12:14:57.619,1.64815,1.64895,4.00,2.40
2009.02.03 12:14:57.899,1.6482,1.64895,8.80,2.40
2009.02.03 12:14:58.189,1.64815,1.64895,7.40,2.40
2009.02.03 12:14:58.249,1.64815,1.64895,11.40,2.40
2009.02.03 12:14:58.719,1.6482,1.64895,8.80,2.40
2009.02.03 12:14:59.949,1.6482,1.64895,3.80,2.40
2009.02.03 12:15:00.299,1.64835,1.64895,4.00,2.40
2009.02.03 12:15:01.328,1.6482,1.64895,8.80,2.40
2009.02.03 12:15:01.778,1.6482,1.64895,3.80,2.40
2009.02.03 12:15:02.188,1.64835,1.64895,4.00,2.40
2009.02.03 12:15:02.408,1.6482,1.64895,8.80,3.20
2009.02.03 12:15:07.997,1.6482,1.64895,8.80,3.40
2009.02.03 12:15:08.357,1.6482,1.64885,1.60,4.00
2009.02.03 12:15:08.407,1.64815,1.64885,5.00,4.00
2009.02.03 12:15:08.707,1.6483,1.64885,3.00,2.40
2009.02.03 12:15:08.827,1.6483,1.6489,3.00,2.40
2009.02.03 12:15:08.997,1.6483,1.6488,3.00,1.00
2009.02.03 12:15:09.896,1.64805,1.6489,5.60,2.40
2009.02.03 12:15:10.286,1.64805,1.6488,5.40,2.00
2009.02.03 12:15:11.026,1.6481,1.64875,2.20,5.40
2009.02.03 12:15:11.556,1.64825,1.6493,2.20,2.40
2009.02.03 12:15:12.076,1.6485,1.64935,1.60,2.80
2009.02.03 12:15:12.426,1.6483,1.6492,3.20,2.40
2009.02.03 12:15:12.786,1.6484,1.64925,2.20,2.80
2009.02.03 12:15:13.146,1.6485,1.64905,4.80,1.40
2009.02.03 12:15:13.686,1.64835,1.64905,5.80,6.20
2009.02.03 12:15:14.106,1.6484,1.6492,2.20,4.00
2009.02.03 12:15:14.565,1.64845,1.64915,1.60,3.20
2009.02.03 12:15:14.915,1.6484,1.64915,4.80,4.60
2009.02.03 12:15:15.146,1.64835,1.64915,7.00,3.20
2009.02.03 12:15:15.615,1.64835,1.64915,7.00,6.20
2009.02.03 12:15:16.195,1.64835,1.64915,2.20,4.00
2009.02.03 12:15:16.635,1.6485,1.6491,1.00,6.80
2009.02.03 12:15:17.035,1.64845,1.6491,7.00,1.00
2009.02.03 12:15:17.434,1.64845,1.64905,7.00,1.00
2009.02.03 12:15:17.784,1.6484,1.64905,7.00,1.00
2009.02.03 12:15:18.834,1.6484,1.649,7.00,1.00
2009.02.03 12:15:18.954,1.6484,1.64905,6.40,3.20
2009.02.03 12:15:19.124,1.6484,1.64905,1.60,3.20
2009.02.03 12:15:19.284,1.6483,1.64905,7.00,3.20
2009.02.03 12:15:19.804,1.6483,1.64905,7.00,2.40
2009.02.03 12:15:20.374,1.64825,1.64905,7.00,4.00
2009.02.03 12:15:22.193,1.6483,1.64905,1.00,4.00
2009.02.03 12:15:22.764,1.6483,1.6489,4.80,2.40
2009.02.03 12:15:23.053,1.64815,1.6489,3.20,2.40
2009.02.03 12:15:23.223,1.64825,1.64905,7.00,4.00
2009.02.03 12:15:23.573,1.6483,1.64905,1.00,4.00
2009.02.03 12:15:23.633,1.64825,1.64905,2.20,2.40
2009.02.03 12:15:24.583,1.64825,1.64905,2.20,4.00
2009.02.03 12:15:24.933,1.64835,1.649,3.00,1.00
2009.02.03 12:15:25.403,1.64835,1.64885,5.60,1.00
2009.02.03 12:15:25.872,1.64845,1.64885,7.00,1.00
2009.02.03 12:15:26.742,1.6484,1.64885,2.20,1.00
2009.02.03 12:15:26.922,1.64845,1.64885,7.00,1.00
2009.02.03 12:15:27.442,1.6483,1.64885,8.80,1.00
2009.02.03 12:15:28.202,1.64835,1.64885,7.00,1.00
2009.02.03 12:15:28.612,1.6484,1.6489,3.20,1.40
2009.02.03 12:15:29.022,1.64835,1.6489,3.00,1.00
2009.02.03 12:15:30.811,1.64845,1.6489,3.20,1.00
2009.02.03 12:15:30.921,1.64845,1.649,3.80,1.00
2009.02.03 12:15:33.341,1.64845,1.649,7.00,1.00
2009.02.03 12:15:33.631,1.64845,1.6489,7.00,1.00
2009.02.03 12:15:34.160,1.64845,1.64895,3.00,1.00
2009.02.03 12:15:34.630,1.6485,1.64905,3.00,2.00
2009.02.03 12:15:34.800,1.6485,1.64905,3.00,1.00
2009.02.03 12:15:37.610,1.6485,1.649,3.00,1.00
2009.02.03 12:15:39.829,1.6485,1.64895,3.00,1.00
2009.02.03 12:15:42.608,1.6486,1.64895,3.20,1.00
2009.02.03 12:15:43.049,1.6486,1.64895,6.40,1.00
2009.02.03 12:15:43.518,1.6485,1.64905,3.00,1.00
2009.02.03 12:15:44.378,1.64845,1.649,4.00,1.00
2009.02.03 12:15:44.498,1.64845,1.649,4.00,6.20
2009.02.03 12:15:45.258,1.64835,1.649,3.00,2.60
2009.02.03 12:15:45.948,1.64835,1.64895,3.00,2.40
2009.02.03 12:15:46.947,1.64835,1.649,3.00,2.60
2009.02.03 12:15:47.397,1.64835,1.64885,3.20,1.00
2009.02.03 12:15:48.127,1.64845,1.6489,3.00,1.40
2009.02.03 12:15:48.687,1.6483,1.6489,3.00,1.00
2009.02.03 12:15:49.117,1.6483,1.64885,3.00,2.40
2009.02.03 12:15:49.637,1.6483,1.6489,3.00,4.00
2009.02.03 12:15:49.797,1.6483,1.6489,3.00,2.40
2009.02.03 12:15:50.257,1.64835,1.6489,3.20,2.40
2009.02.03 12:15:50.956,1.64855,1.6489,3.20,4.80
2009.02.03 12:15:51.416,1.6488,1.64925,3.00,1.00
2009.02.03 12:15:51.747,1.6486,1.6492,1.00,1.00
2009.02.03 12:15:52.206,1.6485,1.64915,5.60,1.00
2009.02.03 12:15:52.606,1.64855,1.64905,3.20,1.00
2009.02.03 12:15:53.006,1.6485,1.64905,7.00,1.00
2009.02.03 12:15:54.246,1.64855,1.64905,4.80,1.00
2009.02.03 12:15:54.356,1.6485,1.64905,2.20,1.00
2009.02.03 12:15:54.536,1.64855,1.64905,7.00,1.00
2009.02.03 12:15:55.165,1.64855,1.64905,3.80,1.00
2009.02.03 12:15:55.786,1.6487,1.64905,3.20,1.00
2009.02.03 12:15:56.075,1.6489,1.64925,3.00,1.00
2009.02.03 12:15:59.844,1.6489,1.64915,3.00,1.00
2009.02.03 12:16:00.294,1.64875,1.64915,7.00,1.00
2009.02.03 12:16:00.354,1.64875,1.64915,3.00,1.00
2009.02.03 12:16:07.703,1.6486,1.64915,3.60,1.00
2009.02.03 12:16:08.122,1.64875,1.6491,3.00,1.00
2009.02.03 12:16:10.442,1.64875,1.649,3.00,1.00
2009.02.03 12:16:11.042,1.64875,1.6491,3.00,1.00
2009.02.03 12:16:12.241,1.6486,1.6491,3.00,1.00
2009.02.03 12:16:12.712,1.6486,1.64905,3.00,1.00
2009.02.03 12:16:13.241,1.6486,1.64915,3.00,6.80
2009.02.03 12:16:13.711,1.64875,1.64915,3.00,1.00
2009.02.03 12:16:18.160,1.64875,1.6492,3.00,1.00
2009.02.03 12:16:19.579,1.6487,1.6492,3.20,1.00
2009.02.03 12:16:20.059,1.6486,1.64915,3.60,1.00
2009.02.03 12:16:20.469,1.64875,1.64915,3.00,1.00
2009.02.03 12:16:21.399,1.6489,1.64925,3.00,2.40
2009.02.03 12:16:21.919,1.6491,1.64925,3.00,2.40
2009.02.03 12:16:22.329,1.6491,1.6497,3.00,4.60
2009.02.03 12:16:22.729,1.6491,1.6497,3.00,3.20
2009.02.03 12:16:23.009,1.6492,1.6497,3.00,2.40
2009.02.03 12:16:26.778,1.64905,1.64955,3.00,1.00
2009.02.03 12:16:27.128,1.64905,1.64955,3.00,3.20
2009.02.03 12:16:27.418,1.64905,1.64945,3.00,1.00
2009.02.03 12:16:27.858,1.6489,1.64945,3.00,1.00
2009.02.03 12:16:28.377,1.6489,1.64945,6.40,1.00
2009.02.03 12:16:28.677,1.64905,1.64945,3.00,1.00
2009.02.03 12:16:30.197,1.6489,1.64945,3.20,1.00
2009.02.03 12:16:30.547,1.64885,1.64935,3.00,1.00
2009.02.03 12:16:30.767,1.6488,1.64935,3.00,2.40
2009.02.03 12:16:31.117,1.6488,1.6493,3.00,4.00
2009.02.03 12:16:31.297,1.6487,1.64935,1.60,4.00
2009.02.03 12:16:31.937,1.64875,1.64935,1.60,4.00
2009.02.03 12:16:33.126,1.6487,1.6493,1.60,4.00
2009.02.03 12:16:33.576,1.64885,1.6493,3.00,4.00
2009.02.03 12:16:34.216,1.64885,1.64935,3.00,2.40
2009.02.03 12:16:34.796,1.64895,1.64935,3.00,4.00
2009.02.03 12:16:35.206,1.6488,1.64935,3.20,4.00
2009.02.03 12:16:35.846,1.6488,1.64945,3.20,4.00
2009.02.03 12:16:36.555,1.6488,1.64945,3.20,2.40
2009.02.03 12:16:39.295,1.64885,1.64945,1.00,2.40
2009.02.03 12:16:39.415,1.6491,1.64945,3.00,2.40
2009.02.03 12:16:39.985,1.6488,1.64955,3.20,2.40
2009.02.03 12:16:40.564,1.64875,1.64955,6.80,2.40
2009.02.03 12:16:41.005,1.6488,1.64945,3.00,4.00
2009.02.03 12:16:41.594,1.6489,1.64935,3.00,4.00
2009.02.03 12:16:41.654,1.6489,1.64935,3.00,2.40
2009.02.03 12:16:42.224,1.6489,1.6494,3.00,4.00
2009.02.03 12:16:42.744,1.6489,1.6493,3.00,2.40
2009.02.03 12:16:44.083,1.6489,1.64935,3.00,2.40
2009.02.03 12:16:44.993,1.6489,1.64925,3.00,6.20
2009.02.03 12:16:45.414,1.6489,1.64945,1.60,2.40
2009.02.03 12:16:45.873,1.64885,1.64945,4.80,2.40
2009.02.03 12:16:46.283,1.6491,1.64945,3.00,2.40
2009.02.03 12:16:46.803,1.64905,1.64955,1.00,1.40
2009.02.03 12:16:47.203,1.6491,1.6497,3.20,2.40
2009.02.03 12:16:47.593,1.64935,1.64985,3.00,4.60
2009.02.03 12:16:48.233,1.64935,1.64975,3.00,1.00
2009.02.03 12:16:48.883,1.64935,1.64975,3.00,1.00
2009.02.03 12:16:49.572,1.64945,1.64985,3.00,4.60
2009.02.03 12:16:50.092,1.6493,1.64965,3.20,1.00
2009.02.03 12:16:50.512,1.64915,1.64965,4.80,3.20
2009.02.03 12:16:51.032,1.649,1.64965,1.60,3.20
2009.02.03 12:16:51.492,1.6489,1.6496,2.20,1.00
2009.02.03 12:16:51.792,1.64905,1.64965,2.20,1.00
2009.02.03 12:16:52.611,1.64905,1.64965,7.00,1.00
2009.02.03 12:16:53.172,1.64915,1.6496,4.80,1.00
2009.02.03 12:16:53.341,1.64905,1.64955,2.20,1.00
2009.02.03 12:16:53.681,1.6491,1.64955,6.40,1.00
2009.02.03 12:16:54.321,1.649,1.6495,2.20,1.00
2009.02.03 12:16:55.331,1.64905,1.6495,4.80,1.00
2009.02.03 12:16:56.111,1.6487,1.6493,1.60,6.40
2009.02.03 12:16:57.081,1.64865,1.6492,1.60,1.00
2009.02.03 12:16:57.870,1.64875,1.64925,2.80,4.00
2009.02.03 12:16:58.400,1.649,1.64965,3.00,1.60
2009.02.03 12:16:59.241,1.6488,1.6496,3.20,2.40
2009.02.03 12:16:59.760,1.64895,1.64955,1.60,2.40
2009.02.03 12:17:00.110,1.64895,1.64955,1.60,4.00
2009.02.03 12:17:00.510,1.64895,1.64945,1.60,2.40
2009.02.03 12:17:00.980,1.64895,1.6495,1.60,4.00
2009.02.03 12:17:01.510,1.6489,1.6494,3.00,2.40
2009.02.03 12:17:01.730,1.6488,1.64945,1.60,4.60
2009.02.03 12:17:02.419,1.6489,1.64935,3.00,4.00
2009.02.03 12:17:02.939,1.6488,1.64935,1.60,2.40
2009.02.03 12:17:03.589,1.64865,1.6493,3.00,6.40
2009.02.03 12:17:04.189,1.64875,1.64945,6.20,2.40
2009.02.03 12:17:04.719,1.64895,1.6498,3.60,1.60
2009.02.03 12:17:05.569,1.64895,1.6495,4.80,2.40
2009.02.03 12:17:06.038,1.64915,1.65,3.20,4.00
2009.02.03 12:17:06.368,1.64915,1.64995,1.00,6.20
2009.02.03 12:17:06.550,1.64915,1.65005,1.80,3.20
2009.02.03 12:17:06.788,1.6492,1.65005,1.00,3.20
2009.02.03 12:17:07.178,1.6492,1.64985,5.00,1.00
2009.02.03 12:17:07.638,1.6492,1.64985,3.20,1.00
2009.02.03 12:17:07.918,1.6492,1.6499,3.20,3.20
2009.02.03 12:17:08.568,1.6492,1.64975,3.80,1.00
2009.02.03 12:17:08.868,1.6492,1.64975,6.40,1.00
2009.02.03 12:17:09.457,1.64905,1.6497,3.20,1.00
2009.02.03 12:17:09.937,1.649,1.64955,1.60,4.00
2009.02.03 12:17:10.218,1.6486,1.64945,7.00,2.40
2009.02.03 12:17:10.637,1.6484,1.6493,2.20,2.40
2009.02.03 12:17:11.097,1.64845,1.6492,1.60,2.40
2009.02.03 12:17:11.397,1.64845,1.64905,1.60,2.40
2009.02.03 12:17:12.497,1.6487,1.64915,3.00,2.40
2009.02.03 12:17:12.837,1.6487,1.64915,3.00,6.20
2009.02.03 12:17:13.247,1.64865,1.64925,1.60,1.00
2009.02.03 12:17:13.717,1.64865,1.6492,1.60,1.60
2009.02.03 12:17:14.257,1.6487,1.6492,3.00,2.40
2009.02.03 12:17:14.736,1.6487,1.64925,5.00,2.40
2009.02.03 12:17:15.086,1.64875,1.64925,1.60,6.20
2009.02.03 12:17:15.876,1.64875,1.64925,1.60,2.40
2009.02.03 12:17:16.446,1.64885,1.64925,1.60,2.40
2009.02.03 12:17:16.617,1.64885,1.64945,1.60,6.40
2009.02.03 12:17:16.916,1.64885,1.64955,1.60,4.60
2009.02.03 12:17:17.346,1.64895,1.64955,1.60,4.60
2009.02.03 12:17:17.795,1.64895,1.6495,1.60,2.40
2009.02.03 12:17:19.075,1.6488,1.64945,7.00,1.00
2009.02.03 12:17:19.585,1.6487,1.64935,1.60,3.20
2009.02.03 12:17:19.985,1.6487,1.6492,1.60,4.00
2009.02.03 12:17:20.555,1.64865,1.6491,1.60,2.40
2009.02.03 12:17:20.895,1.64865,1.64915,2.80,4.80
2009.02.03 12:17:21.225,1.64875,1.64935,1.60,4.00
2009.02.03 12:17:21.625,1.6488,1.64935,1.60,2.40
2009.02.03 12:17:22.384,1.6487,1.6494,1.00,6.20
2009.02.03 12:17:22.734,1.6487,1.64935,6.20,1.40
2009.02.03 12:17:23.204,1.6487,1.64935,2.20,6.20
2009.02.03 12:17:23.564,1.64885,1.64955,5.20,7.20
2009.02.03 12:17:23.784,1.64885,1.6496,5.80,2.40
2009.02.03 12:17:24.954,1.64885,1.6496,2.40,2.40
2009.02.03 12:17:25.414,1.6488,1.6496,2.20,2.40
2009.02.03 12:17:25.703,1.6488,1.6496,4.00,2.40
2009.02.03 12:17:27.513,1.6488,1.64955,4.00,2.40
2009.02.03 12:17:27.853,1.6488,1.64955,2.20,2.40
2009.02.03 12:17:28.833,1.6488,1.6496,4.00,2.40
2009.02.03 12:17:29.352,1.6489,1.64955,1.00,6.20
2009.02.03 12:17:29.653,1.6489,1.64965,5.40,4.00
2009.02.03 12:17:30.092,1.6489,1.6495,1.00,6.20
2009.02.03 12:17:30.562,1.6488,1.64945,1.60,2.40
2009.02.03 12:17:31.412,1.64885,1.64945,3.00,2.60
2009.02.03 12:17:31.864,1.6488,1.64935,1.60,6.40
2009.02.03 12:17:32.212,1.64885,1.6494,3.00,8.80
2009.02.03 12:17:32.732,1.6488,1.6494,1.60,4.00
2009.02.03 12:17:33.212,1.64905,1.6494,3.00,4.00
2009.02.03 12:17:33.592,1.64915,1.6498,3.00,1.40
2009.02.03 12:17:34.302,1.64915,1.64975,1.60,1.00
2009.02.03 12:17:35.271,1.64915,1.64965,3.20,4.00
2009.02.03 12:17:35.831,1.6491,1.64965,1.60,2.40
2009.02.03 12:17:36.171,1.64905,1.64965,5.00,2.40
2009.02.03 12:17:36.461,1.64905,1.6497,5.00,2.40
2009.02.03 12:17:37.201,1.64895,1.6496,5.00,2.40
2009.02.03 12:17:38.180,1.64895,1.6496,3.20,3.20
2009.02.03 12:17:38.360,1.64905,1.6496,3.20,3.20
2009.02.03 12:17:38.761,1.64905,1.64955,3.20,1.00
2009.02.03 12:17:38.990,1.64905,1.64955,7.20,1.00
2009.02.03 12:17:40.250,1.64905,1.6496,7.20,1.00
2009.02.03 12:17:41.460,1.64905,1.6496,4.00,1.00
2009.02.03 12:17:42.200,1.64925,1.6496,4.00,1.00
2009.02.03 12:17:42.589,1.64885,1.6496,5.00,2.40
2009.02.03 12:17:43.180,1.64895,1.64955,3.20,2.40
2009.02.03 12:17:43.759,1.6491,1.64955,3.00,2.40
2009.02.03 12:17:44.349,1.64925,1.64965,3.00,2.40
2009.02.03 12:17:44.519,1.6489,1.64965,5.00,2.40
2009.02.03 12:17:45.089,1.64895,1.64975,5.00,3.20
2009.02.03 12:17:45.609,1.649,1.64965,5.00,2.40
2009.02.03 12:17:45.989,1.64905,1.64965,5.00,2.40
2009.02.03 12:17:46.169,1.649,1.64965,5.60,1.00
2009.02.03 12:17:46.559,1.649,1.64965,5.00,2.40
2009.02.03 12:17:46.788,1.64915,1.64965,3.00,2.40
2009.02.03 12:17:47.468,1.6489,1.64965,5.60,6.80
2009.02.03 12:17:47.698,1.64895,1.64965,5.00,2.40
2009.02.03 12:17:48.048,1.6489,1.64965,5.60,1.00
2009.02.03 12:17:48.229,1.6488,1.64945,7.00,1.00
2009.02.03 12:17:48.538,1.6489,1.64945,3.20,1.00
2009.02.03 12:17:48.698,1.649,1.64955,2.20,6.20
2009.02.03 12:17:49.158,1.649,1.64975,3.20,3.20
2009.02.03 12:17:49.618,1.64905,1.64965,5.00,2.40
2009.02.03 12:17:50.078,1.6491,1.64965,3.00,1.00
2009.02.03 12:17:50.488,1.64925,1.64975,3.00,4.60
2009.02.03 12:17:50.717,1.64905,1.64965,8.80,1.00
2009.02.03 12:17:50.948,1.649,1.64965,5.00,1.00
2009.02.03 12:17:51.567,1.64915,1.64975,3.00,4.00
2009.02.03 12:17:52.037,1.64915,1.6498,3.00,8.00
2009.02.03 12:17:52.207,1.64915,1.64975,3.00,3.20
2009.02.03 12:17:52.857,1.64925,1.6497,3.00,3.20
2009.02.03 12:17:53.027,1.64925,1.64965,3.00,1.00
2009.02.03 12:17:54.357,1.64925,1.64975,3.00,4.60
2009.02.03 12:17:54.407,1.64925,1.6497,3.00,6.80
2009.02.03 12:17:54.837,1.64925,1.64965,3.00,1.00
2009.02.03 12:17:55.476,1.64925,1.64975,3.00,4.60
2009.02.03 12:17:55.646,1.6491,1.6497,3.00,1.00
2009.02.03 12:17:56.106,1.64925,1.64955,3.00,1.00
2009.02.03 12:17:56.456,1.64925,1.6496,3.00,1.00
2009.02.03 12:17:56.786,1.6489,1.64955,3.00,3.20
2009.02.03 12:17:57.336,1.64915,1.64955,3.00,2.40
2009.02.03 12:17:58.026,1.6488,1.64945,1.60,6.20
2009.02.03 12:17:58.486,1.6488,1.64945,1.60,2.40
2009.02.03 12:17:59.166,1.6488,1.6494,1.60,2.40
2009.02.03 12:17:59.776,1.6489,1.64945,1.60,4.00
2009.02.03 12:18:00.335,1.64885,1.6495,5.00,8.80
2009.02.03 12:18:00.566,1.64895,1.6496,3.20,2.40
2009.02.03 12:18:01.015,1.64895,1.6496,1.60,2.40
2009.02.03 12:18:01.375,1.64895,1.64955,1.60,4.00
2009.02.03 12:18:04.974,1.649,1.64955,1.60,4.00
2009.02.03 12:18:05.204,1.649,1.64965,1.60,4.60
2009.02.03 12:18:06.404,1.649,1.64965,1.60,3.20
2009.02.03 12:18:06.854,1.64895,1.64965,5.00,3.20
2009.02.03 12:18:07.683,1.64905,1.64965,1.60,2.40
2009.02.03 12:18:08.643,1.64905,1.64965,1.60,4.00
2009.02.03 12:18:11.142,1.64895,1.64955,3.20,1.00
2009.02.03 12:18:11.843,1.64895,1.6496,3.20,4.60
2009.02.03 12:18:12.062,1.64895,1.6496,1.60,4.60
2009.02.03 12:18:12.232,1.64885,1.64955,9.00,3.20
2009.02.03 12:18:12.702,1.6488,1.64945,5.60,1.00
2009.02.03 12:18:15.412,1.6489,1.64955,1.60,3.20
2009.02.03 12:18:16.751,1.6488,1.64945,5.60,1.00
2009.02.03 12:18:16.921,1.6488,1.64945,7.40,1.00
2009.02.03 12:18:17.191,1.64885,1.64945,3.20,1.00
2009.02.03 12:18:17.551,1.64885,1.64945,7.20,1.00
2009.02.03 12:18:18.421,1.6488,1.64945,7.40,1.00
2009.02.03 12:18:24.839,1.64885,1.6495,4.60,1.00
2009.02.03 12:18:25.009,1.6488,1.64955,2.20,3.20
2009.02.03 12:18:25.759,1.6488,1.64955,8.80,3.20
2009.02.03 12:18:25.819,1.64885,1.64955,1.00,6.20
2009.02.03 12:18:26.169,1.64885,1.64955,5.40,1.40
2009.02.03 12:18:26.289,1.6493,1.6496,3.00,6.20
2009.02.03 12:18:26.639,1.64905,1.64955,3.00,1.00
2009.02.03 12:18:27.269,1.64875,1.64955,7.80,1.00
2009.02.03 12:18:27.669,1.64875,1.6496,7.80,3.20
2009.02.03 12:18:28.189,1.64875,1.6495,9.60,1.00
2009.02.03 12:18:28.928,1.6489,1.6495,1.60,1.00
2009.02.03 12:18:30.418,1.64915,1.6495,3.00,1.00
2009.02.03 12:18:31.148,1.6493,1.64955,3.00,6.20
2009.02.03 12:18:31.548,1.6494,1.6499,3.00,2.40
2009.02.03 12:18:33.887,1.64895,1.64965,3.60,1.00
2009.02.03 12:18:33.947,1.6492,1.64965,3.00,1.00
2009.02.03 12:18:34.307,1.64885,1.6496,2.20,1.00
2009.02.03 12:18:34.477,1.6488,1.6496,1.60,1.00
2009.02.03 12:18:35.687,1.64905,1.6495,3.00,1.00
2009.02.03 12:18:37.087,1.64915,1.6496,3.00,4.60
2009.02.03 12:18:37.546,1.64915,1.64955,3.00,1.00
2009.02.03 12:18:37.986,1.6488,1.64955,4.00,1.00
2009.02.03 12:18:38.206,1.64905,1.64955,3.00,1.00
2009.02.03 12:18:38.706,1.6488,1.64955,4.00,1.00
2009.02.03 12:18:39.206,1.6489,1.64975,2.20,3.40
2009.02.03 12:18:39.386,1.6489,1.64975,2.20,2.80
2009.02.03 12:18:39.746,1.649,1.64975,2.20,4.40
2009.02.03 12:18:39.916,1.64915,1.64965,3.00,1.00
2009.02.03 12:18:40.136,1.64915,1.6497,3.00,3.40
2009.02.03 12:18:40.655,1.64915,1.6497,3.00,2.80
2009.02.03 12:18:40.775,1.64915,1.6497,3.00,2.40
2009.02.03 12:18:40.945,1.6491,1.6497,1.60,2.40
2009.02.03 12:18:41.476,1.6491,1.64975,1.60,2.80
2009.02.03 12:18:41.945,1.64915,1.64975,3.00,4.40
2009.02.03 12:18:42.115,1.64915,1.6497,3.00,7.00
2009.02.03 12:18:42.335,1.64915,1.6497,3.00,2.80
2009.02.03 12:18:43.475,1.64915,1.6496,3.00,1.00
2009.02.03 12:18:43.585,1.64895,1.6496,2.20,1.00
2009.02.03 12:18:44.044,1.649,1.6496,1.60,1.00
2009.02.03 12:18:44.434,1.64905,1.6496,3.00,6.40
2009.02.03 12:18:44.614,1.64905,1.6496,1.60,7.00
2009.02.03 12:18:45.534,1.64925,1.6496,3.00,5.00
2009.02.03 12:18:45.704,1.64925,1.64995,3.00,2.40
2009.02.03 12:18:45.824,1.649,1.64995,8.80,2.40
2009.02.03 12:18:46.264,1.64925,1.6499,3.00,5.00
2009.02.03 12:18:46.614,1.64925,1.6499,3.00,6.40
2009.02.03 12:18:46.954,1.649,1.64985,2.20,2.40
2009.02.03 12:18:47.254,1.6491,1.6499,1.60,4.80
2009.02.03 12:18:48.484,1.64905,1.6497,2.20,7.00
2009.02.03 12:18:48.544,1.649,1.64965,1.60,2.40
2009.02.03 12:18:48.893,1.649,1.64965,1.60,4.00
2009.02.03 12:18:49.373,1.649,1.64955,1.60,1.00
2009.02.03 12:18:50.163,1.649,1.64955,1.60,6.40
2009.02.03 12:18:50.553,1.64895,1.6495,3.00,6.20
2009.02.03 12:18:50.953,1.64895,1.64945,1.60,1.00
2009.02.03 12:18:51.453,1.64895,1.64945,1.60,4.00
2009.02.03 12:18:51.923,1.6488,1.64935,4.80,1.00
2009.02.03 12:18:52.782,1.6488,1.64935,4.80,2.40
2009.02.03 12:18:53.342,1.64845,1.64935,4.00,8.00
2009.02.03 12:18:53.913,1.6486,1.6493,1.60,2.40
2009.02.03 12:18:54.652,1.64885,1.64945,1.00,6.20
2009.02.03 12:18:55.062,1.64885,1.6498,5.40,3.60
2009.02.03 12:18:55.592,1.6488,1.64975,7.00,2.40
2009.02.03 12:18:55.982,1.6489,1.64975,7.00,9.00
2009.02.03 12:18:57.861,1.6488,1.6496,2.20,4.00
2009.02.03 12:18:58.031,1.6488,1.6496,2.20,4.00
2009.02.03 12:18:58.371,1.6488,1.6496,4.00,4.00
2009.02.03 12:18:58.891,1.6489,1.6496,1.60,4.00
2009.02.03 12:18:59.011,1.6489,1.64955,1.60,2.40
2009.02.03 12:18:59.301,1.6489,1.64955,1.60,4.00
2009.02.03 12:19:00.161,1.6491,1.64955,3.00,2.40
2009.02.03 12:19:00.621,1.64895,1.64955,1.60,2.40
2009.02.03 12:19:02.060,1.64895,1.6495,1.60,4.00
2009.02.03 12:19:02.770,1.64895,1.64945,1.60,2.40
2009.02.03 12:19:03.230,1.649,1.64935,1.60,2.40
2009.02.03 12:19:03.700,1.649,1.6495,3.00,4.00
2009.02.03 12:19:04.320,1.649,1.64945,3.00,4.00
2009.02.03 12:19:07.109,1.649,1.6494,3.00,6.20
2009.02.03 12:19:07.389,1.649,1.64955,3.00,4.60
2009.02.03 12:19:07.659,1.649,1.64955,3.00,2.40
2009.02.03 12:19:08.179,1.649,1.64955,4.80,2.40
2009.02.03 12:19:08.649,1.64905,1.6496,3.00,4.00
2009.02.03 12:19:09.049,1.64905,1.64965,3.00,1.00
2009.02.03 12:19:09.458,1.649,1.64965,4.80,2.40
2009.02.03 12:19:09.819,1.649,1.64965,3.00,5.00
2009.02.03 12:19:11.258,1.6491,1.64965,1.60,1.00
2009.02.03 12:19:11.598,1.6491,1.64965,3.00,1.00
2009.02.03 12:19:13.597,1.6492,1.64965,1.60,1.00
2009.02.03 12:19:13.887,1.6492,1.6497,1.60,1.40
2009.02.03 12:19:13.947,1.6493,1.64975,1.00,1.00
2009.02.03 12:19:15.517,1.64935,1.64975,1.00,1.00
2009.02.03 12:19:15.867,1.6493,1.64975,1.00,1.00
2009.02.03 12:19:17.246,1.6493,1.64975,2.20,1.00
2009.02.03 12:19:17.647,1.64945,1.64985,3.00,1.40
2009.02.03 12:19:18.047,1.6495,1.6499,1.00,1.00
2009.02.03 12:19:18.906,1.6496,1.6499,1.00,1.00
2009.02.03 12:19:19.306,1.64955,1.6499,1.00,1.00
2009.02.03 12:19:19.696,1.64945,1.6501,2.20,1.00
2009.02.03 12:19:20.096,1.6496,1.65045,1.00,7.00
2009.02.03 12:19:20.596,1.64965,1.65045,1.00,1.80
2009.02.03 12:19:21.176,1.6497,1.65025,1.00,1.00
2009.02.03 12:19:21.516,1.6497,1.6502,1.00,1.00
2009.02.03 12:19:22.145,1.64965,1.6502,5.40,1.00
2009.02.03 12:19:22.705,1.6498,1.65075,1.00,3.20
2009.02.03 12:19:23.175,1.64995,1.6508,1.00,1.00
2009.02.03 12:19:24.185,1.6498,1.6506,7.00,4.00
2009.02.03 12:19:24.815,1.6498,1.6506,7.00,4.60
2009.02.03 12:19:25.664,1.64975,1.65055,8.80,4.20
2009.02.03 12:19:26.065,1.64975,1.6505,8.80,6.40
2009.02.03 12:19:26.304,1.64975,1.65045,7.00,1.00
2009.02.03 12:19:27.104,1.6498,1.65045,3.20,1.00
2009.02.03 12:19:27.574,1.65,1.65045,3.00,1.00
2009.02.03 12:19:27.984,1.65,1.6503,3.00,1.00
2009.02.03 12:19:28.334,1.65,1.6504,3.00,1.00
2009.02.03 12:19:28.864,1.65,1.65045,3.00,1.00
2009.02.03 12:19:30.383,1.64965,1.65045,2.20,1.00
2009.02.03 12:19:30.494,1.64965,1.6504,2.20,1.00
2009.02.03 12:19:31.013,1.64975,1.65045,1.60,1.00
2009.02.03 12:19:32.103,1.64985,1.65035,1.60,1.00
2009.02.03 12:19:32.223,1.65,1.65035,3.00,1.00
2009.02.03 12:19:32.503,1.64985,1.65035,3.00,1.00
2009.02.03 12:19:33.473,1.64995,1.6504,3.00,2.60
2009.02.03 12:19:33.713,1.6501,1.6504,3.00,6.20
2009.02.03 12:19:33.953,1.6501,1.6504,3.00,4.80
2009.02.03 12:19:34.402,1.6501,1.65055,3.00,2.40
2009.02.03 12:19:34.692,1.6501,1.65055,3.00,1.00
2009.02.03 12:19:35.842,1.6501,1.6506,3.00,2.80
2009.02.03 12:19:36.234,1.65,1.65065,1.60,4.80
2009.02.03 12:19:37.065,1.65005,1.65065,1.60,4.20
2009.02.03 12:19:37.682,1.64995,1.65065,2.20,2.20
2009.02.03 12:19:38.183,1.65,1.6506,1.60,2.40
2009.02.03 12:19:38.401,1.64995,1.6505,7.20,1.00
2009.02.03 12:19:39.091,1.6501,1.6505,3.00,1.00
2009.02.03 12:19:40.071,1.6501,1.65045,3.00,1.00
2009.02.03 12:19:40.421,1.65005,1.65045,3.00,1.00
2009.02.03 12:19:40.651,1.65005,1.6505,3.00,1.00
2009.02.03 12:19:43.551,1.65015,1.6505,1.00,1.00
2009.02.03 12:19:43.660,1.6503,1.6505,6.40,1.00
2009.02.03 12:19:43.940,1.6503,1.65085,7.20,4.60
2009.02.03 12:19:44.280,1.6504,1.6507,3.20,1.00
2009.02.03 12:19:44.620,1.6502,1.65065,6.40,1.00
2009.02.03 12:19:44.890,1.6501,1.65065,3.20,1.00
2009.02.03 12:19:45.250,1.65015,1.65055,1.00,1.00
2009.02.03 12:19:45.840,1.6503,1.65075,6.40,1.00
2009.02.03 12:19:45.950,1.6502,1.65055,3.60,1.00
2009.02.03 12:19:46.070,1.65015,1.65055,2.20,1.00
2009.02.03 12:19:46.190,1.65015,1.65055,1.00,1.00
2009.02.03 12:19:46.480,1.6501,1.65055,3.20,1.00
2009.02.03 12:19:47.239,1.65015,1.65055,1.00,1.00
2009.02.03 12:19:47.819,1.65025,1.65065,4.80,1.00
2009.02.03 12:19:47.999,1.6501,1.65065,3.20,1.00
2009.02.03 12:19:48.559,1.6501,1.65055,3.20,1.00
2009.02.03 12:19:48.789,1.6503,1.65065,3.00,1.00
2009.02.03 12:19:49.199,1.6503,1.65055,3.00,1.00
2009.02.03 12:19:49.779,1.65025,1.65055,3.00,1.00
2009.02.03 12:19:50.418,1.65005,1.65055,4.60,1.00
2009.02.03 12:19:50.588,1.65005,1.65045,4.60,1.00
2009.02.03 12:19:50.878,1.65005,1.65045,6.40,1.00
2009.02.03 12:19:50.998,1.64995,1.65045,5.60,1.00
2009.02.03 12:19:51.118,1.64995,1.65045,3.80,1.00
2009.02.03 12:19:52.908,1.64995,1.6504,3.80,1.00
2009.02.03 12:19:53.419,1.64995,1.65045,9.00,1.00
2009.02.03 12:19:53.958,1.64995,1.65045,7.80,1.00
2009.02.03 12:19:54.318,1.65,1.65045,1.00,1.00
2009.02.03 12:19:54.598,1.65015,1.65045,3.00,1.00
2009.02.03 12:19:55.497,1.65015,1.65055,3.00,1.00
2009.02.03 12:19:56.027,1.65015,1.65045,3.00,1.00
2009.02.03 12:19:57.957,1.65,1.65045,3.60,1.00
2009.02.03 12:19:58.457,1.65,1.6505,3.00,1.00
2009.02.03 12:19:59.707,1.65,1.6505,3.00,1.00
2009.02.03 12:20:00.126,1.65,1.6505,3.00,1.00
2009.02.03 12:20:02.877,1.65015,1.6505,3.00,1.00
2009.02.03 12:20:03.265,1.65015,1.6504,3.00,1.00
2009.02.03 12:20:04.005,1.65015,1.65075,3.00,1.00
2009.02.03 12:20:05.106,1.65015,1.6507,3.00,1.00
2009.02.03 12:20:05.785,1.65015,1.65055,3.00,1.00
2009.02.03 12:20:06.415,1.65015,1.65055,3.00,2.40
2009.02.03 12:20:06.756,1.65015,1.65065,3.00,2.40
2009.02.03 12:20:06.875,1.64995,1.6506,2.20,1.00
2009.02.03 12:20:07.535,1.64995,1.6506,6.40,1.00
2009.02.03 12:20:07.764,1.6499,1.6507,2.20,9.40
2009.02.03 12:20:08.234,1.64995,1.6505,1.60,1.00
2009.02.03 12:20:08.874,1.6499,1.6505,2.20,4.80
2009.02.03 12:20:09.114,1.64995,1.6505,7.00,1.00
2009.02.03 12:20:09.294,1.6499,1.6503,6.40,1.00
2009.02.03 12:20:09.984,1.64985,1.65045,5.20,8.00
2009.02.03 12:20:10.214,1.6502,1.6508,3.00,4.00
2009.02.03 12:20:10.854,1.6502,1.6508,3.00,2.40
2009.02.03 12:20:11.364,1.65025,1.65055,3.00,1.00
2009.02.03 12:20:12.183,1.6501,1.65055,3.00,1.00
2009.02.03 12:20:12.353,1.6497,1.65035,3.00,1.00
2009.02.03 12:20:12.744,1.6497,1.6504,6.40,1.00
2009.02.03 12:20:13.213,1.64985,1.6504,3.00,1.00
2009.02.03 12:20:13.803,1.64995,1.65035,3.00,1.00
2009.02.03 12:20:14.573,1.6498,1.65035,3.00,1.00
2009.02.03 12:20:14.863,1.64975,1.6503,5.40,1.00
2009.02.03 12:20:15.093,1.6498,1.65035,3.00,1.00
2009.02.03 12:20:16.572,1.65,1.6507,3.00,4.00
2009.02.03 12:20:16.912,1.65,1.65065,3.00,6.20
2009.02.03 12:20:17.082,1.65,1.6508,3.00,4.80
2009.02.03 12:20:17.322,1.65,1.6508,3.00,2.20
2009.02.03 12:20:17.502,1.65,1.65075,4.20,1.00
2009.02.03 12:20:17.962,1.6503,1.651,3.60,5.40
2009.02.03 12:20:18.662,1.6503,1.65095,3.60,1.00
2009.02.03 12:20:19.292,1.6503,1.6508,7.00,1.00
2009.02.03 12:20:19.892,1.6502,1.65075,7.00,1.00
2009.02.03 12:20:20.401,1.65055,1.65085,3.00,2.40
2009.02.03 12:20:20.871,1.65055,1.6509,3.00,1.00
2009.02.03 12:20:21.551,1.65075,1.6509,3.20,1.00
2009.02.03 12:20:21.991,1.65085,1.65125,4.00,1.00
2009.02.03 12:20:22.681,1.6504,1.6511,7.00,1.00
2009.02.03 12:20:23.071,1.65045,1.651,7.00,1.00
2009.02.03 12:20:23.531,1.6505,1.651,5.00,1.00
2009.02.03 12:20:24.201,1.65055,1.651,4.00,1.00
2009.02.03 12:20:24.550,1.65055,1.65095,6.40,1.00
2009.02.03 12:20:25.250,1.65045,1.651,3.00,1.00
2009.02.03 12:20:25.840,1.65045,1.6511,3.00,7.00
2009.02.03 12:20:26.420,1.65055,1.6511,3.00,6.80
2009.02.03 12:20:27.230,1.65055,1.6511,3.00,1.00
2009.02.03 12:20:27.920,1.65055,1.6511,3.00,1.00
2009.02.03 12:20:28.539,1.6506,1.6511,3.00,2.40
2009.02.03 12:20:29.009,1.65045,1.6511,1.00,1.00
2009.02.03 12:20:29.409,1.6504,1.651,4.80,1.00
2009.02.03 12:20:29.769,1.6503,1.65095,1.00,1.00
2009.02.03 12:20:30.749,1.65025,1.65095,7.00,1.00
2009.02.03 12:20:31.209,1.65035,1.65105,1.60,2.40
2009.02.03 12:20:31.569,1.65025,1.65105,2.20,2.40
2009.02.03 12:20:32.498,1.6501,1.65085,7.00,2.40
2009.02.03 12:20:33.268,1.6506,1.65085,3.00,6.20
2009.02.03 12:20:33.558,1.6504,1.6507,4.00,1.00
2009.02.03 12:20:34.058,1.6499,1.65065,7.00,1.00
2009.02.03 12:20:34.538,1.6498,1.65065,5.60,1.00
2009.02.03 12:20:35.408,1.65035,1.65065,3.00,4.00
2009.02.03 12:20:35.818,1.65045,1.65065,3.00,4.00
2009.02.03 12:20:36.048,1.65045,1.6506,3.00,6.20
2009.02.03 12:20:36.217,1.65045,1.6512,3.00,2.40
2009.02.03 12:20:37.037,1.6506,1.65105,3.00,1.00
2009.02.03 12:20:37.807,1.65045,1.65075,3.00,1.00
2009.02.03 12:20:38.037,1.65035,1.65075,5.60,1.00
2009.02.03 12:20:38.489,1.65025,1.65075,7.00,1.00
2009.02.03 12:20:39.077,1.65005,1.65055,3.00,1.00
2009.02.03 12:20:39.297,1.6503,1.65075,3.00,4.00
2009.02.03 12:20:39.647,1.6503,1.6509,3.00,1.00
2009.02.03 12:20:41.057,1.65055,1.65105,3.00,4.20
2009.02.03 12:20:41.277,1.65075,1.6512,3.00,4.00
2009.02.03 12:20:41.566,1.65075,1.65115,3.00,1.40
2009.02.03 12:20:41.676,1.65075,1.65125,3.00,4.20
2009.02.03 12:20:44.145,1.6506,1.65115,3.00,1.00
2009.02.03 12:20:44.536,1.6506,1.6512,3.00,6.40
2009.02.03 12:20:44.835,1.6506,1.6512,3.00,5.00
2009.02.03 12:20:45.245,1.6506,1.6511,3.00,1.00
2009.02.03 12:20:45.635,1.6506,1.65115,3.00,1.00
2009.02.03 12:20:47.175,1.6506,1.6512,3.00,7.00
2009.02.03 12:20:47.505,1.65065,1.6512,3.00,1.00
2009.02.03 12:20:47.845,1.65075,1.65135,3.00,9.00
2009.02.03 12:20:48.125,1.6509,1.65135,3.00,8.80
2009.02.03 12:20:48.625,1.6509,1.6513,3.00,6.20
2009.02.03 12:20:49.254,1.651,1.65145,3.00,4.00
2009.02.03 12:20:49.484,1.6508,1.6512,1.00,1.00
2009.02.03 12:20:50.014,1.6507,1.65105,1.00,1.00
2009.02.03 12:20:50.314,1.6505,1.65105,2.20,1.00
2009.02.03 12:20:50.674,1.65065,1.651,3.00,1.00
2009.02.03 12:20:51.604,1.6503,1.6509,7.00,1.00
2009.02.03 12:20:52.174,1.6503,1.65085,3.00,1.00
2009.02.03 12:20:52.644,1.6504,1.6507,3.00,1.00
2009.02.03 12:20:52.883,1.6504,1.65065,3.00,1.00
2009.02.03 12:20:53.284,1.6503,1.65065,3.00,1.00
2009.02.03 12:20:53.523,1.6505,1.65095,3.00,8.00
2009.02.03 12:20:53.993,1.6504,1.6509,3.00,6.20
2009.02.03 12:20:54.113,1.6503,1.65085,1.00,1.00
2009.02.03 12:20:54.423,1.65005,1.65085,7.80,1.00
2009.02.03 12:20:54.713,1.65005,1.65075,1.40,1.00
2009.02.03 12:20:54.813,1.6502,1.65075,1.00,1.00
2009.02.03 12:20:55.643,1.65035,1.65075,1.00,1.00
2009.02.03 12:20:58.172,1.6506,1.6509,3.00,1.00
2009.02.03 12:20:58.752,1.6506,1.65095,3.00,1.00
2009.02.03 12:20:59.762,1.6506,1.6509,3.00,1.00
2009.02.03 12:21:00.032,1.65015,1.6509,8.80,1.00
2009.02.03 12:21:00.392,1.65015,1.651,8.80,7.00
2009.02.03 12:21:00.832,1.65015,1.6509,6.60,1.00
2009.02.03 12:21:01.401,1.6506,1.65085,3.00,2.40
2009.02.03 12:21:01.911,1.6506,1.65125,3.00,2.40
2009.02.03 12:21:02.881,1.65075,1.65125,3.00,3.20
2009.02.03 12:21:03.301,1.65075,1.65115,3.00,2.40
2009.02.03 12:21:06.000,1.65075,1.65125,3.00,6.40
2009.02.03 12:21:06.680,1.65055,1.65125,10.40,1.00
2009.02.03 12:21:07.450,1.65075,1.65125,3.00,1.00
2009.02.03 12:21:08.210,1.6507,1.65115,3.00,1.00
2009.02.03 12:21:08.599,1.6507,1.6512,3.00,1.00
2009.02.03 12:21:09.010,1.6508,1.65125,3.00,1.00
2009.02.03 12:21:09.130,1.6508,1.65125,3.00,1.00
2009.02.03 12:21:10.139,1.65075,1.6512,1.60,1.00
2009.02.03 12:21:10.379,1.65075,1.6513,3.00,1.00
2009.02.03 12:21:11.239,1.65085,1.65145,3.00,9.60
2009.02.03 12:21:11.359,1.65075,1.6513,4.80,1.00
2009.02.03 12:21:11.539,1.65085,1.6513,3.00,1.00
2009.02.03 12:21:14.208,1.65085,1.65115,3.00,1.00
2009.02.03 12:21:14.958,1.65085,1.6511,3.00,1.00
2009.02.03 12:21:15.588,1.65085,1.65145,3.00,5.60
2009.02.03 12:21:16.278,1.6508,1.65125,1.00,1.00
2009.02.03 12:21:16.678,1.6506,1.65085,1.00,1.00
2009.02.03 12:21:16.788,1.6502,1.651,4.80,2.40
2009.02.03 12:21:17.148,1.6502,1.6509,4.80,1.00
2009.02.03 12:21:17.368,1.6502,1.651,3.00,2.40
2009.02.03 12:21:17.887,1.6503,1.65085,3.60,6.20
2009.02.03 12:21:18.118,1.6503,1.65085,3.60,1.40
2009.02.03 12:21:18.647,1.6503,1.65095,5.40,1.00
2009.02.03 12:21:19.507,1.6503,1.651,2.20,1.00
2009.02.03 12:21:20.147,1.6503,1.6509,2.20,1.00
2009.02.03 12:21:20.547,1.6503,1.65095,2.20,4.80
2009.02.03 12:21:20.967,1.65025,1.65105,6.20,4.60
2009.02.03 12:21:21.546,1.65035,1.65105,6.40,3.20
2009.02.03 12:21:22.077,1.65035,1.651,7.00,1.00
2009.02.03 12:21:22.646,1.65035,1.651,2.20,1.00
2009.02.03 12:21:23.096,1.65025,1.65085,4.80,3.40
2009.02.03 12:21:23.386,1.65025,1.65085,3.00,4.20
2009.02.03 12:21:26.775,1.6505,1.651,1.60,1.00
2009.02.03 12:21:28.445,1.65055,1.651,1.60,1.00
2009.02.03 12:21:28.925,1.65055,1.65105,3.00,4.80
2009.02.03 12:21:29.285,1.6506,1.65115,1.60,9.00
2009.02.03 12:21:29.465,1.65055,1.6511,4.80,6.40
2009.02.03 12:21:29.805,1.65055,1.6511,4.80,1.00
2009.02.03 12:21:30.445,1.65055,1.65105,3.00,4.60
2009.02.03 12:21:30.744,1.6504,1.651,3.00,7.00
2009.02.03 12:21:32.664,1.6504,1.651,4.80,6.40
2009.02.03 12:21:33.064,1.6504,1.651,4.80,1.00
2009.02.03 12:21:33.184,1.6504,1.651,3.00,1.00
2009.02.03 12:21:33.644,1.6504,1.6509,3.00,1.00
2009.02.03 12:21:37.913,1.6504,1.65075,3.00,1.00
2009.02.03 12:21:38.332,1.65035,1.65075,1.00,1.00
2009.02.03 12:21:38.743,1.65,1.65085,2.20,1.00
2009.02.03 12:21:39.142,1.65,1.65085,2.20,4.00
2009.02.03 12:21:39.322,1.65005,1.6509,6.20,1.00
2009.02.03 12:21:39.602,1.65005,1.6509,8.00,1.00
2009.02.03 12:21:40.162,1.6503,1.6509,7.00,1.00
2009.02.03 12:21:40.402,1.6504,1.6509,3.00,1.00
2009.02.03 12:21:40.872,1.6503,1.6509,2.20,1.00
2009.02.03 12:21:43.641,1.6503,1.6507,2.20,1.00
2009.02.03 12:21:43.691,1.65035,1.6507,6.40,1.00
2009.02.03 12:21:44.151,1.6502,1.6507,3.00,1.00
2009.02.03 12:21:45.141,1.6502,1.65065,3.00,1.00
2009.02.03 12:21:45.431,1.65015,1.65085,2.20,1.00
2009.02.03 12:21:45.941,1.65025,1.65085,1.00,1.00
2009.02.03 12:21:46.171,1.6502,1.65085,7.00,1.00
2009.02.03 12:21:47.041,1.6502,1.65075,7.00,1.00
2009.02.03 12:21:47.670,1.6502,1.6509,7.00,1.00
2009.02.03 12:21:47.950,1.65015,1.6509,2.20,1.00
2009.02.03 12:21:48.600,1.65015,1.6507,2.20,1.00
2009.02.03 12:21:48.770,1.65005,1.65075,6.80,3.20
2009.02.03 12:21:49.280,1.6502,1.65075,1.60,6.20
2009.02.03 12:21:49.460,1.6502,1.6508,1.60,1.00
