2008.03.21 05:00:00.095,2.0032,2.0046,1.00,0.80
2008.03.21 05:00:00.429,2.0032,2.0046,1.00,0.80
2008.03.21 05:00:00.762,2.0032,2.0046,1.00,0.80
2008.03.21 05:00:00.970,2.0032,2.0046,1.00,0.80
2008.03.21 05:00:01.219,2.0032,2.0046,1.00,0.80
2008.03.21 05:00:01.427,2.0032,2.0046,1.00,0.80
2008.03.21 05:00:01.636,2.0032,2.0046,1.00,0.80
2008.03.21 05:00:01.845,2.0032,2.0046,1.00,0.80
2008.03.21 05:00:02.139,2.0032,2.0046,1.00,0.80
2008.03.21 05:00:02.433,2.0032,2.0046,1.00,0.80
2008.03.21 05:00:02.727,2.0032,2.0046,1.00,0.80
2008.03.21 05:00:03.024,2.0032,2.0046,1.00,0.80
2008.03.21 05:00:03.283,2.0032,2.0046,1.00,0.80
2008.03.21 05:00:03.570,2.0032,2.0046,1.00,0.80
2008.03.21 05:00:03.828,2.0032,2.0046,1.00,0.80
2008.03.21 05:00:04.077,2.0032,2.0046,1.00,0.80
2008.03.21 05:00:04.325,2.0032,2.0046,1.00,0.80
2008.03.21 05:00:04.575,2.0032,2.0046,1.00,0.80
2008.03.21 05:00:04.858,2.0032,2.0046,1.00,0.80
2008.03.21 05:00:05.191,2.0032,2.0046,1.00,0.80
2008.03.21 05:00:05.524,2.0032,2.0046,1.00,0.80
2008.03.21 05:00:05.858,2.0032,2.0046,1.00,0.80
2008.03.21 05:00:06.080,2.0032,2.0046,1.00,0.80
2008.03.21 05:00:06.297,2.0032,2.0046,1.00,0.80
2008.03.21 05:00:06.516,2.0032,2.0046,1.00,0.80
2008.03.21 05:00:06.734,2.0032,2.0046,1.00,0.80
2008.03.21 05:00:06.953,2.0032,2.0046,1.00,0.80
2008.03.21 05:00:07.267,2.0032,2.0046,1.00,0.80
2008.03.21 05:00:07.579,2.0032,2.0046,1.00,0.80
2008.03.21 05:00:07.894,2.0032,2.0046,1.00,0.80
2008.03.21 05:00:08.109,2.0032,2.0046,1.00,0.80
2008.03.21 05:00:08.365,2.0032,2.0046,1.00,0.80
2008.03.21 05:00:08.536,2.0032,2.0046,1.00,0.80
2008.03.21 05:00:08.751,2.0032,2.0046,1.00,0.80
2008.03.21 05:00:08.964,2.0032,2.0046,1.00,0.80
2008.03.21 05:00:09.328,2.0032,2.0046,1.00,0.80
2008.03.21 05:00:09.674,2.0032,2.0046,1.00,0.80
2008.03.21 05:00:10.041,2.0032,2.0046,1.00,0.80
2008.03.21 05:00:10.376,2.0032,2.0046,1.00,0.80
2008.03.21 05:00:10.710,2.0032,2.0046,1.00,0.80
2008.03.21 05:00:11.044,2.0032,2.0046,1.00,0.80
2008.03.21 05:00:11.247,2.0032,2.0046,1.00,0.80
2008.03.21 05:00:11.452,2.0032,2.0046,1.00,0.80
2008.03.21 05:00:11.655,2.0032,2.0046,1.00,0.80
2008.03.21 05:00:11.859,2.0032,2.0046,1.00,0.80
2008.03.21 05:00:12.098,2.0032,2.0046,1.00,0.80
2008.03.21 05:00:12.420,2.0032,2.0046,1.00,0.80
2008.03.21 05:00:12.745,2.0032,2.0046,1.00,0.80
2008.03.21 05:00:13.069,2.0032,2.0046,1.00,0.80
2008.03.21 05:00:13.283,2.0032,2.0046,1.00,0.80
2008.03.21 05:00:13.513,2.0032,2.0046,1.00,0.80
2008.03.21 05:00:13.711,2.0032,2.0046,1.00,0.80
2008.03.21 05:00:13.962,2.0032,2.0046,1.00,0.80
2008.03.21 05:00:14.139,2.0032,2.0046,1.00,0.80
2008.03.21 05:00:14.478,2.0032,2.0046,1.00,0.80
2008.03.21 05:00:14.810,2.0032,2.0046,1.00,0.80
2008.03.21 05:00:15.145,2.0032,2.0046,1.00,0.80
2008.03.21 05:00:15.487,2.0032,2.0046,1.00,0.80
2008.03.21 05:00:15.799,2.0032,2.0046,1.00,0.80
2008.03.21 05:00:16.113,2.0032,2.0046,1.00,0.80
2008.03.21 05:00:16.337,2.0032,2.0046,1.00,0.80
2008.03.21 05:00:16.599,2.0032,2.0046,1.00,0.80
2008.03.21 05:00:16.785,2.0032,2.0046,1.00,0.80
2008.03.21 05:00:17.009,2.0032,2.0046,1.00,0.80
2008.03.21 05:00:17.233,2.0032,2.0046,1.00,0.80
2008.03.21 05:00:17.570,2.0032,2.0046,1.00,0.80
2008.03.21 05:00:17.834,2.0032,2.0046,1.00,0.80
2008.03.21 05:00:18.132,2.0032,2.0046,1.00,0.80
2008.03.21 05:00:18.365,2.0032,2.0046,1.00,0.80
2008.03.21 05:00:18.599,2.0032,2.0046,1.00,0.80
2008.03.21 05:00:18.834,2.0032,2.0046,1.00,0.80
2008.03.21 05:00:19.068,2.0032,2.0046,1.00,0.80
2008.03.21 05:00:19.313,2.0032,2.0046,1.00,0.80
2008.03.21 05:00:19.638,2.0032,2.0046,1.00,0.80
2008.03.21 05:00:19.927,2.0032,2.0046,1.00,0.80
2008.03.21 05:00:20.217,2.0032,2.0046,1.00,0.80
2008.03.21 05:00:20.550,2.0032,2.0046,1.00,0.80
2008.03.21 05:00:20.885,2.0032,2.0046,1.00,0.80
2008.03.21 05:00:21.219,2.0032,2.0046,1.00,0.80
2008.03.21 05:00:21.433,2.0032,2.0046,1.00,0.80
2008.03.21 05:00:21.646,2.0032,2.0046,1.00,0.80
2008.03.21 05:00:21.860,2.0032,2.0046,1.00,0.80
2008.03.21 05:00:22.074,2.0032,2.0046,1.00,0.80
2008.03.21 05:00:22.325,2.0032,2.0046,1.00,0.80
2008.03.21 05:00:22.643,2.0032,2.0046,1.00,0.80
2008.03.21 05:00:22.961,2.0032,2.0046,1.00,0.80
2008.03.21 05:00:23.280,2.0032,2.0046,1.00,0.80
2008.03.21 05:00:23.512,2.0032,2.0046,1.00,0.80
2008.03.21 05:00:23.773,2.0032,2.0046,1.00,0.80
2008.03.21 05:00:23.957,2.0032,2.0046,1.00,0.80
2008.03.21 05:00:24.182,2.0032,2.0046,1.00,0.80
2008.03.21 05:00:24.443,2.0032,2.0046,1.00,0.80
2008.03.21 05:00:24.784,2.0032,2.0046,1.00,0.80
2008.03.21 05:00:25.087,2.0032,2.0046,1.00,0.80
2008.03.21 05:00:25.391,2.0032,2.0046,1.00,0.80
2008.03.21 05:00:25.724,2.0032,2.0046,1.00,0.80
2008.03.21 05:00:26.058,2.0032,2.0046,1.00,0.80
2008.03.21 05:00:26.429,2.0032,2.0046,1.00,0.80
2008.03.21 05:00:26.642,2.0032,2.0046,1.00,0.80
2008.03.21 05:00:26.849,2.0032,2.0046,1.00,0.80
2008.03.21 05:00:27.057,2.0032,2.0046,1.00,0.80
2008.03.21 05:00:27.303,2.0032,2.0046,1.00,0.80
2008.03.21 05:00:27.556,2.0032,2.0046,1.00,0.80
2008.03.21 05:00:27.844,2.0032,2.0046,1.00,0.80
2008.03.21 05:00:28.133,2.0032,2.0046,1.00,0.80
2008.03.21 05:00:28.453,2.0032,2.0046,1.00,0.80
2008.03.21 05:00:28.756,2.0032,2.0046,1.00,0.80
2008.03.21 05:00:29.018,2.0032,2.0046,1.00,0.80
2008.03.21 05:00:29.282,2.0032,2.0046,1.00,0.80
2008.03.21 05:00:29.547,2.0032,2.0046,1.00,0.80
2008.03.21 05:00:29.784,2.0032,2.0046,1.00,0.80
2008.03.21 05:00:30.056,2.0032,2.0046,1.00,0.80
2008.03.21 05:00:30.295,2.0032,2.0046,1.00,0.80
2008.03.21 05:00:30.630,2.0032,2.0046,1.00,0.80
2008.03.21 05:00:30.964,2.0032,2.0046,1.00,0.80
2008.03.21 05:00:31.298,2.0032,2.0046,1.00,0.80
2008.03.21 05:00:31.516,2.0032,2.0046,1.00,0.80
2008.03.21 05:00:31.736,2.0032,2.0046,1.00,0.80
2008.03.21 05:00:31.954,2.0032,2.0046,1.00,0.80
2008.03.21 05:00:32.203,2.0032,2.0046,1.00,0.80
2008.03.21 05:00:32.422,2.0032,2.0046,1.00,0.80
2008.03.21 05:00:32.716,2.0032,2.0046,1.00,0.80
2008.03.21 05:00:33.009,2.0032,2.0046,1.00,0.80
2008.03.21 05:00:33.345,2.0032,2.0046,1.00,0.80
2008.03.21 05:00:33.550,2.0032,2.0046,1.00,0.80
2008.03.21 05:00:33.799,2.0032,2.0046,1.00,0.80
2008.03.21 05:00:34.047,2.0032,2.0046,1.00,0.80
2008.03.21 05:00:34.296,2.0032,2.0046,1.00,0.80
2008.03.21 05:00:34.564,2.0032,2.0046,1.00,0.80
2008.03.21 05:00:34.853,2.0032,2.0046,1.00,0.80
2008.03.21 05:00:35.141,2.0032,2.0046,1.00,0.80
2008.03.21 05:00:35.431,2.0032,2.0046,1.00,0.80
2008.03.21 05:00:35.764,2.0032,2.0046,1.00,0.80
2008.03.21 05:00:36.098,2.0032,2.0046,1.00,0.80
2008.03.21 05:00:36.433,2.0032,2.0046,1.00,0.80
2008.03.21 05:00:36.641,2.0032,2.0046,1.00,0.80
2008.03.21 05:00:36.853,2.0032,2.0046,1.00,0.80
2008.03.21 05:00:37.060,2.0032,2.0046,1.00,0.80
2008.03.21 05:00:37.268,2.0032,2.0046,1.00,0.80
2008.03.21 05:00:37.477,2.0032,2.0046,1.00,0.80
2008.03.21 05:00:37.847,2.0032,2.0046,1.00,0.80
2008.03.21 05:00:38.180,2.0032,2.0046,1.00,0.80
2008.03.21 05:00:38.514,2.0032,2.0046,1.00,0.80
2008.03.21 05:00:38.729,2.0032,2.0046,1.00,0.80
2008.03.21 05:00:38.946,2.0032,2.0046,1.00,0.80
2008.03.21 05:00:39.161,2.0032,2.0046,1.00,0.80
2008.03.21 05:00:39.376,2.0032,2.0046,1.00,0.80
2008.03.21 05:00:39.589,2.0032,2.0046,1.00,0.80
2008.03.21 05:00:39.945,2.0032,2.0046,1.00,0.80
2008.03.21 05:00:40.229,2.0032,2.0046,1.00,0.80
2008.03.21 05:00:40.547,2.0032,2.0046,1.00,0.80
2008.03.21 05:00:40.881,2.0032,2.0046,1.00,0.80
2008.03.21 05:00:41.214,2.0032,2.0046,1.00,0.80
2008.03.21 05:00:41.548,2.0032,2.0046,1.00,0.80
2008.03.21 05:00:41.757,2.0032,2.0046,1.00,0.80
2008.03.21 05:00:42.004,2.0032,2.0046,1.00,0.80
2008.03.21 05:00:42.211,2.0032,2.0046,1.00,0.80
2008.03.21 05:00:42.419,2.0032,2.0046,1.00,0.80
2008.03.21 05:00:42.628,2.0032,2.0046,1.00,0.80
2008.03.21 05:00:42.961,2.0032,2.0046,1.00,0.80
2008.03.21 05:00:43.295,2.0032,2.0046,1.00,0.80
2008.03.21 05:00:43.661,2.0032,2.0046,1.00,0.80
2008.03.21 05:00:43.855,2.0032,2.0046,1.00,0.80
2008.03.21 05:00:44.048,2.0032,2.0046,1.00,0.80
2008.03.21 05:00:44.278,2.0032,2.0046,1.00,0.80
2008.03.21 05:00:44.477,2.0032,2.0046,1.00,0.80
2008.03.21 05:00:44.671,2.0032,2.0046,1.00,0.80
2008.03.21 05:00:45.007,2.0032,2.0046,1.00,0.80
2008.03.21 05:00:45.340,2.0032,2.0046,1.00,0.80
2008.03.21 05:00:45.675,2.0032,2.0046,1.00,0.80
2008.03.21 05:00:45.933,2.0032,2.0046,1.00,0.80
2008.03.21 05:00:46.152,2.0032,2.0046,1.00,0.80
2008.03.21 05:00:46.371,2.0032,2.0046,1.00,0.80
2008.03.21 05:00:46.592,2.0032,2.0046,1.00,0.80
2008.03.21 05:00:46.810,2.0032,2.0046,1.00,0.80
2008.03.21 05:00:47.143,2.0032,2.0046,1.00,0.80
2008.03.21 05:00:47.477,2.0032,2.0046,1.00,0.80
2008.03.21 05:00:47.812,2.0032,2.0046,1.00,0.80
2008.03.21 05:00:48.021,2.0032,2.0046,1.00,0.80
2008.03.21 05:00:48.231,2.0032,2.0046,1.00,0.80
2008.03.21 05:00:48.442,2.0032,2.0046,1.00,0.80
2008.03.21 05:00:48.651,2.0032,2.0046,1.00,0.80
2008.03.21 05:00:48.859,2.0032,2.0046,1.00,0.80
2008.03.21 05:00:49.177,2.0032,2.0046,1.00,0.80
2008.03.21 05:00:49.497,2.0032,2.0046,1.00,0.80
2008.03.21 05:00:49.830,2.0032,2.0046,1.00,0.80
2008.03.21 05:00:50.195,2.0032,2.0046,1.00,0.80
2008.03.21 05:00:50.524,2.0032,2.0046,1.00,0.80
2008.03.21 05:00:50.852,2.0032,2.0046,1.00,0.80
2008.03.21 05:00:51.061,2.0032,2.0046,1.00,0.80
2008.03.21 05:00:51.271,2.0032,2.0046,1.00,0.80
2008.03.21 05:00:51.479,2.0032,2.0046,1.00,0.80
2008.03.21 05:00:51.687,2.0032,2.0046,1.00,0.80
2008.03.21 05:00:51.935,2.0032,2.0046,1.00,0.80
2008.03.21 05:00:52.310,2.0032,2.0046,1.00,0.80
2008.03.21 05:00:52.642,2.0032,2.0046,1.00,0.80
2008.03.21 05:00:52.975,2.0032,2.00475,0.30,0.40
2008.03.21 05:00:53.197,2.0029,2.00475,6.00,0.40
2008.03.21 05:00:53.421,2.0029,2.00475,6.00,0.40
2008.03.21 05:00:53.644,2.0029,2.00475,6.00,0.40
2008.03.21 05:00:53.866,2.0029,2.00475,6.00,0.40
2008.03.21 05:00:54.088,2.0029,2.00475,6.00,0.40
2008.03.21 05:00:54.402,2.0029,2.00475,6.00,0.40
2008.03.21 05:00:54.733,2.0029,2.00475,6.00,0.40
2008.03.21 05:00:55.046,2.0029,2.00475,6.00,0.40
2008.03.21 05:00:55.382,2.0029,2.00475,6.00,0.40
2008.03.21 05:00:55.715,2.0029,2.00475,6.00,0.40
2008.03.21 05:00:56.087,2.0029,2.00475,6.00,0.40
2008.03.21 05:00:56.256,2.0029,2.00475,6.00,0.40
2008.03.21 05:00:56.463,2.0029,2.00475,6.00,0.40
2008.03.21 05:00:56.672,2.0029,2.00475,6.00,0.40
2008.03.21 05:00:56.880,2.0029,2.00475,6.00,0.40
2008.03.21 05:00:57.088,2.0029,2.00475,6.00,0.40
2008.03.21 05:00:57.396,2.0029,2.00475,6.00,0.40
2008.03.21 05:00:57.704,2.0029,2.00475,6.00,0.40
2008.03.21 05:00:58.013,2.0029,2.00475,6.00,0.40
2008.03.21 05:00:58.240,2.0029,2.00475,6.00,0.40
2008.03.21 05:00:58.469,2.0029,2.00475,6.00,0.40
2008.03.21 05:00:58.697,2.0029,2.00475,6.00,0.40
2008.03.21 05:00:58.924,2.0029,2.00475,6.00,0.40
2008.03.21 05:00:59.153,2.0029,2.00475,6.00,0.40
2008.03.21 05:00:59.448,2.0029,2.00475,6.00,0.40
2008.03.21 05:00:59.785,2.0029,2.00475,6.00,0.40
2008.03.21 05:01:00.035,2.0029,2.00475,6.00,0.40
2008.03.21 05:01:00.367,2.0029,2.00475,6.00,0.40
2008.03.21 05:01:00.701,2.0029,2.00475,6.00,0.40
2008.03.21 05:01:01.034,2.0029,2.00475,6.00,0.40
2008.03.21 05:01:01.366,2.0029,2.00475,6.00,0.40
2008.03.21 05:01:01.579,2.0029,2.00475,6.00,0.40
2008.03.21 05:01:01.805,2.0029,2.00475,6.00,0.40
2008.03.21 05:01:02.019,2.0029,2.00475,6.00,0.40
2008.03.21 05:01:02.232,2.0029,2.00475,6.00,0.40
2008.03.21 05:01:02.540,2.0029,2.00475,6.00,0.40
2008.03.21 05:01:02.849,2.0029,2.00475,6.00,0.40
2008.03.21 05:01:03.157,2.0029,2.00475,6.00,0.40
2008.03.21 05:01:03.395,2.0029,2.00475,6.00,0.40
2008.03.21 05:01:03.633,2.0029,2.00475,6.00,0.40
2008.03.21 05:01:03.890,2.0029,2.00475,6.00,0.40
2008.03.21 05:01:04.127,2.0029,2.00475,6.00,0.40
2008.03.21 05:01:04.404,2.0029,2.00475,6.00,0.40
2008.03.21 05:01:04.683,2.0029,2.00475,6.00,0.40
2008.03.21 05:01:04.965,2.0029,2.00475,6.00,0.40
2008.03.21 05:01:05.239,2.0029,2.00475,6.00,0.40
2008.03.21 05:01:05.572,2.0029,2.00475,6.00,0.40
2008.03.21 05:01:05.904,2.0029,2.00475,6.00,0.40
2008.03.21 05:01:06.237,2.0029,2.00475,6.00,0.40
2008.03.21 05:01:06.449,2.0029,2.00475,6.00,0.40
2008.03.21 05:01:06.662,2.0029,2.00475,6.00,0.40
2008.03.21 05:01:06.874,2.0029,2.00475,6.00,0.40
2008.03.21 05:01:07.087,2.0029,2.00475,6.00,0.40
2008.03.21 05:01:07.300,2.0029,2.00475,6.00,0.40
2008.03.21 05:01:07.599,2.0029,2.00475,6.00,0.40
2008.03.21 05:01:07.896,2.0029,2.00475,6.00,0.40
2008.03.21 05:01:08.196,2.0029,2.00475,6.00,0.40
2008.03.21 05:01:08.427,2.0029,2.00475,6.00,0.40
2008.03.21 05:01:08.660,2.0029,2.00475,6.00,0.40
2008.03.21 05:01:08.894,2.0029,2.00475,6.00,0.40
2008.03.21 05:01:09.128,2.0029,2.00475,6.00,0.40
2008.03.21 05:01:09.411,2.0029,2.00475,6.00,0.40
2008.03.21 05:01:09.693,2.0029,2.00475,6.00,0.40
2008.03.21 05:01:09.977,2.0029,2.00475,6.00,0.40
2008.03.21 05:01:10.260,2.0029,2.00475,6.00,0.40
2008.03.21 05:01:10.593,2.0029,2.00475,6.00,0.40
2008.03.21 05:01:10.925,2.0029,2.00475,6.00,0.40
2008.03.21 05:01:11.259,2.0029,2.00475,6.00,0.40
2008.03.21 05:01:11.467,2.0029,2.00475,6.00,0.40
2008.03.21 05:01:11.675,2.0029,2.00475,6.00,0.40
2008.03.21 05:01:11.895,2.0029,2.00475,6.00,0.40
2008.03.21 05:01:12.101,2.0029,2.00475,6.00,0.40
2008.03.21 05:01:12.308,2.0029,2.00475,6.00,0.40
2008.03.21 05:01:12.626,2.0029,2.00475,6.00,0.40
2008.03.21 05:01:12.944,2.0032,2.00475,4.00,0.40
2008.03.21 05:01:13.262,2.0032,2.00475,4.00,0.40
2008.03.21 05:01:13.489,2.0032,2.00475,4.00,0.40
2008.03.21 05:01:13.716,2.0032,2.00475,4.00,0.40
2008.03.21 05:01:13.943,2.0032,2.00475,4.00,0.40
2008.03.21 05:01:14.171,2.0032,2.00475,4.00,0.40
2008.03.21 05:01:14.398,2.003,2.00475,10.00,0.40
2008.03.21 05:01:14.697,2.003,2.00475,10.00,0.40
2008.03.21 05:01:14.995,2.003,2.00475,10.00,0.40
2008.03.21 05:01:15.295,2.003,2.00475,10.00,0.40
2008.03.21 05:01:15.627,2.003,2.00475,10.00,0.40
2008.03.21 05:01:15.960,2.003,2.00475,10.00,0.40
2008.03.21 05:01:16.318,2.003,2.00475,10.00,0.40
2008.03.21 05:01:16.514,2.003,2.00475,10.00,0.40
2008.03.21 05:01:16.712,2.003,2.00475,10.00,0.40
2008.03.21 05:01:16.948,2.003,2.00475,10.00,0.40
2008.03.21 05:01:17.108,2.003,2.00475,10.00,0.40
2008.03.21 05:01:17.305,2.003,2.00475,10.00,0.40
2008.03.21 05:01:17.658,2.003,2.00475,10.00,0.40
2008.03.21 05:01:17.975,2.003,2.00475,10.00,0.40
2008.03.21 05:01:18.292,2.003,2.00475,10.00,0.40
2008.03.21 05:01:18.610,2.003,2.00475,10.00,0.40
2008.03.21 05:01:18.884,2.003,2.00475,10.00,0.40
2008.03.21 05:01:19.126,2.003,2.00475,10.00,0.40
2008.03.21 05:01:19.368,2.003,2.00475,10.00,0.40
2008.03.21 05:01:19.624,2.003,2.00475,10.00,0.40
2008.03.21 05:01:19.870,2.003,2.00475,10.00,0.40
2008.03.21 05:01:20.118,2.003,2.00475,10.00,0.40
2008.03.21 05:01:20.366,2.003,2.00475,10.00,0.40
2008.03.21 05:01:20.738,2.003,2.0047,4.00,4.00
2008.03.21 05:01:21.070,2.003,2.0047,4.00,4.00
2008.03.21 05:01:21.403,2.003,2.0047,4.00,4.00
2008.03.21 05:01:21.616,2.003,2.0047,4.00,4.00
2008.03.21 05:01:21.828,2.003,2.0047,4.00,4.00
2008.03.21 05:01:22.041,2.003,2.0047,4.00,4.00
2008.03.21 05:01:22.256,2.003,2.0047,4.00,4.00
2008.03.21 05:01:22.469,2.003,2.0047,4.00,4.00
2008.03.21 05:01:22.776,2.003,2.0047,4.00,4.00
2008.03.21 05:01:23.084,2.003,2.0047,4.00,4.00
2008.03.21 05:01:23.391,2.003,2.0047,4.00,4.00
2008.03.21 05:01:23.633,2.003,2.0047,4.00,4.00
2008.03.21 05:01:23.876,2.003,2.0047,4.00,4.00
2008.03.21 05:01:24.166,2.003,2.0047,4.00,4.00
2008.03.21 05:01:24.409,2.003,2.0047,4.00,4.00
2008.03.21 05:01:24.672,2.003,2.0047,4.00,4.00
2008.03.21 05:01:24.935,2.003,2.0047,4.00,4.00
2008.03.21 05:01:25.235,2.003,2.0047,4.00,4.00
2008.03.21 05:01:25.462,2.003,2.0047,4.00,4.00
2008.03.21 05:01:25.794,2.003,2.0047,4.00,4.00
2008.03.21 05:01:26.127,2.003,2.0047,4.00,4.00
2008.03.21 05:01:26.460,2.003,2.0047,4.00,4.00
2008.03.21 05:01:26.793,2.003,2.0047,4.00,4.00
2008.03.21 05:01:27.006,2.003,2.0047,4.00,4.00
2008.03.21 05:01:27.219,2.003,2.0047,4.00,4.00
2008.03.21 05:01:27.456,2.003,2.0047,4.00,4.00
2008.03.21 05:01:27.710,2.003,2.0047,4.00,4.00
2008.03.21 05:01:28.000,2.003,2.0047,4.00,4.00
2008.03.21 05:01:28.327,2.003,2.0047,4.00,4.00
2008.03.21 05:01:28.686,2.003,2.0047,4.00,4.00
2008.03.21 05:01:28.894,2.003,2.0047,4.00,4.00
2008.03.21 05:01:29.105,2.003,2.0047,4.00,4.00
2008.03.21 05:01:29.313,2.003,2.0047,4.00,4.00
2008.03.21 05:01:29.520,2.003,2.0047,4.00,4.00
2008.03.21 05:01:29.729,2.0028,2.0047,10.40,4.00
2008.03.21 05:01:30.062,2.0028,2.0047,10.40,4.00
2008.03.21 05:01:30.413,2.0028,2.0047,10.40,4.00
2008.03.21 05:01:30.748,2.0028,2.0047,10.40,4.00
2008.03.21 05:01:31.073,2.0028,2.0047,10.40,4.00
2008.03.21 05:01:31.395,2.0028,2.0047,10.40,4.00
2008.03.21 05:01:31.751,2.0028,2.0047,10.40,4.00
2008.03.21 05:01:31.959,2.0028,2.0047,10.40,4.00
2008.03.21 05:01:32.167,2.0028,2.0047,10.40,4.00
2008.03.21 05:01:32.381,2.0028,2.0047,10.40,4.00
2008.03.21 05:01:32.590,2.0028,2.0047,10.40,4.00
2008.03.21 05:01:32.797,2.0028,2.0047,10.40,4.00
2008.03.21 05:01:33.120,2.0028,2.0047,10.40,4.00
2008.03.21 05:01:33.442,2.0028,2.0047,10.40,4.00
2008.03.21 05:01:33.764,2.0028,2.0047,10.40,4.00
2008.03.21 05:01:34.001,2.0028,2.0047,10.40,4.00
2008.03.21 05:01:34.224,2.0028,2.0047,10.40,4.00
2008.03.21 05:01:34.446,2.0028,2.0047,10.40,4.00
2008.03.21 05:01:34.670,2.0028,2.0047,10.40,4.00
2008.03.21 05:01:34.892,2.0028,2.0047,10.40,4.00
2008.03.21 05:01:35.225,2.0028,2.0047,10.40,4.00
2008.03.21 05:01:35.558,2.0028,2.0047,10.40,4.00
2008.03.21 05:01:35.906,2.0028,2.0047,10.40,4.00
2008.03.21 05:01:36.113,2.0028,2.0047,10.40,4.00
2008.03.21 05:01:36.322,2.0028,2.0047,10.40,4.00
2008.03.21 05:01:36.564,2.0028,2.0047,10.40,4.00
2008.03.21 05:01:36.771,2.0028,2.0047,10.40,4.00
2008.03.21 05:01:37.054,2.0028,2.0047,10.40,4.00
2008.03.21 05:01:37.337,2.0028,2.0047,10.40,4.00
2008.03.21 05:01:37.621,2.0029,2.00475,6.00,0.40
2008.03.21 05:01:37.903,2.0029,2.00475,6.00,0.40
2008.03.21 05:01:38.166,2.0029,2.00475,6.00,0.40
2008.03.21 05:01:38.430,2.0029,2.00475,6.00,0.40
2008.03.21 05:01:38.692,2.0029,2.00475,6.00,0.40
2008.03.21 05:01:38.954,2.0029,2.00475,6.00,0.40
2008.03.21 05:01:39.260,2.0029,2.00475,6.00,0.40
2008.03.21 05:01:39.491,2.0029,2.00475,6.00,0.40
2008.03.21 05:01:39.758,2.0029,2.00475,6.00,0.40
2008.03.21 05:01:40.026,2.0029,2.00475,6.00,0.40
2008.03.21 05:01:40.396,2.0029,2.00475,6.00,0.40
2008.03.21 05:01:40.691,2.0029,2.00475,6.00,0.40
2008.03.21 05:01:41.024,2.0029,2.00475,6.00,0.40
2008.03.21 05:01:41.227,2.0029,2.00475,6.00,0.40
2008.03.21 05:01:41.430,2.0029,2.00475,6.00,0.40
2008.03.21 05:01:41.633,2.0029,2.00475,6.00,0.40
2008.03.21 05:01:41.839,2.0029,2.00475,6.00,0.40
2008.03.21 05:01:42.044,2.0029,2.00475,6.00,0.40
2008.03.21 05:01:42.361,2.0029,2.00475,6.00,0.40
2008.03.21 05:01:42.678,2.0029,2.00475,6.00,0.40
2008.03.21 05:01:42.996,2.0029,2.00475,6.00,0.40
2008.03.21 05:01:43.214,2.0029,2.00475,6.00,0.40
2008.03.21 05:01:43.431,2.0029,2.00475,6.00,0.40
2008.03.21 05:01:43.649,2.0029,2.00475,6.00,0.40
2008.03.21 05:01:43.900,2.0029,2.00475,6.00,0.40
2008.03.21 05:01:44.214,2.0029,2.00475,6.00,0.40
2008.03.21 05:01:44.528,2.0029,2.00475,6.00,0.40
2008.03.21 05:01:44.841,2.0029,2.00475,6.00,0.40
2008.03.21 05:01:45.154,2.0029,2.00475,6.00,0.40
2008.03.21 05:01:45.472,2.0029,2.00475,6.00,0.40
2008.03.21 05:01:45.789,2.0029,2.00475,6.00,0.40
2008.03.21 05:01:46.108,2.0029,2.00475,6.00,0.40
2008.03.21 05:01:46.331,2.0029,2.00475,6.00,0.40
2008.03.21 05:01:46.553,2.0029,2.00475,6.00,0.40
2008.03.21 05:01:46.776,2.0029,2.00475,6.00,0.40
2008.03.21 05:01:46.999,2.0029,2.00475,6.00,0.40
2008.03.21 05:01:47.312,2.0029,2.00475,6.00,0.40
2008.03.21 05:01:47.625,2.0029,2.00475,6.00,0.40
2008.03.21 05:01:47.938,2.0029,2.00475,6.00,0.40
2008.03.21 05:01:48.251,2.0029,2.00475,6.00,0.40
2008.03.21 05:01:48.463,2.0029,2.00475,6.00,0.40
2008.03.21 05:01:48.675,2.0029,2.00475,6.00,0.40
2008.03.21 05:01:48.889,2.0029,2.00475,6.00,0.40
2008.03.21 05:01:49.102,2.0029,2.00475,6.00,0.40
2008.03.21 05:01:49.314,2.0029,2.00475,6.00,0.40
2008.03.21 05:01:49.626,2.0029,2.00475,6.00,0.40
2008.03.21 05:01:49.938,2.0029,2.00475,6.00,0.40
2008.03.21 05:01:50.251,2.0029,2.00475,6.00,0.40
2008.03.21 05:01:50.585,2.0029,2.00475,6.00,0.40
2008.03.21 05:01:50.918,2.0029,2.00475,6.00,0.40
2008.03.21 05:01:51.251,2.0029,2.00475,6.00,0.40
2008.03.21 05:01:51.463,2.0029,2.00475,6.00,0.40
2008.03.21 05:01:51.707,2.0029,2.00475,6.00,0.40
2008.03.21 05:01:51.919,2.0029,2.00475,6.00,0.40
2008.03.21 05:01:52.132,2.0029,2.00475,6.00,0.40
2008.03.21 05:01:52.381,2.0029,2.00475,6.00,0.40
2008.03.21 05:01:52.663,2.0029,2.00475,6.00,0.40
2008.03.21 05:01:52.981,2.0029,2.00475,6.00,0.40
2008.03.21 05:01:53.300,2.0029,2.0045,6.00,0.40
2008.03.21 05:01:53.514,2.0029,2.0045,6.00,0.40
2008.03.21 05:01:53.727,2.0029,2.0045,6.00,0.40
2008.03.21 05:01:53.946,2.0029,2.0045,6.00,0.40
2008.03.21 05:01:54.159,2.0029,2.0045,6.00,0.40
2008.03.21 05:01:54.373,2.0029,2.0045,6.00,0.40
2008.03.21 05:01:54.696,2.0029,2.0045,6.00,0.40
2008.03.21 05:01:55.019,2.0029,2.0045,6.00,0.40
2008.03.21 05:01:55.342,2.0029,2.0045,6.00,0.40
2008.03.21 05:01:55.675,2.0029,2.0045,6.00,0.40
2008.03.21 05:01:56.008,2.0029,2.0045,6.00,0.40
2008.03.21 05:01:56.341,2.0029,2.0045,6.00,0.40
2008.03.21 05:01:56.690,2.0029,2.0045,6.00,0.40
2008.03.21 05:01:56.897,2.0029,2.0045,6.00,0.40
2008.03.21 05:01:57.106,2.0029,2.0045,6.00,0.40
2008.03.21 05:01:57.342,2.0029,2.0045,6.00,0.40
2008.03.21 05:01:57.550,2.0029,2.0045,6.00,0.40
2008.03.21 05:01:57.858,2.0029,2.0045,6.00,0.40
2008.03.21 05:01:58.166,2.0029,2.0045,6.00,0.40
2008.03.21 05:01:58.474,2.0029,2.0045,6.00,0.40
2008.03.21 05:01:58.701,2.0029,2.0045,6.00,0.40
2008.03.21 05:01:58.929,2.0029,2.0045,6.00,0.40
2008.03.21 05:01:59.157,2.0029,2.0045,6.00,0.40
2008.03.21 05:01:59.386,2.0029,2.0045,6.00,0.40
2008.03.21 05:01:59.734,2.0029,2.0045,6.00,0.40
2008.03.21 05:02:00.041,2.0029,2.0045,6.00,0.40
2008.03.21 05:02:00.349,2.0029,2.0045,6.00,0.40
2008.03.21 05:02:00.658,2.0029,2.0045,6.00,0.40
2008.03.21 05:02:00.990,2.0029,2.0045,6.00,0.40
2008.03.21 05:02:01.323,2.0029,2.0045,6.00,0.40
2008.03.21 05:02:01.657,2.0029,2.0045,6.00,0.40
2008.03.21 05:02:01.851,2.0029,2.0045,6.00,0.40
2008.03.21 05:02:02.046,2.0029,2.0045,6.00,0.40
2008.03.21 05:02:02.238,2.0029,2.0045,6.00,0.40
2008.03.21 05:02:02.470,2.00285,2.0045,0.08,0.40
2008.03.21 05:02:02.624,2.00285,2.0045,0.08,0.40
2008.03.21 05:02:02.957,2.00285,2.0045,0.08,0.40
2008.03.21 05:02:03.290,2.00285,2.0045,0.08,0.40
2008.03.21 05:02:03.624,2.00285,2.0045,0.08,0.40
2008.03.21 05:02:03.842,2.00285,2.0045,0.08,0.40
2008.03.21 05:02:04.059,2.00285,2.0045,0.08,0.40
2008.03.21 05:02:04.277,2.00285,2.0045,0.08,0.40
2008.03.21 05:02:04.494,2.00285,2.0045,0.08,0.40
2008.03.21 05:02:04.797,2.00285,2.0045,0.08,0.40
2008.03.21 05:02:05.100,2.00285,2.0045,0.08,0.40
2008.03.21 05:02:05.403,2.00285,2.0045,0.08,0.40
2008.03.21 05:02:05.705,2.00285,2.0045,0.08,0.40
2008.03.21 05:02:06.037,2.00285,2.0045,0.08,0.40
2008.03.21 05:02:06.370,2.00285,2.0045,0.08,0.40
2008.03.21 05:02:06.702,2.00285,2.0045,0.08,0.40
2008.03.21 05:02:06.921,2.00285,2.0045,0.08,0.40
2008.03.21 05:02:07.139,2.00285,2.0045,0.08,0.40
2008.03.21 05:02:07.356,2.00285,2.0045,0.08,0.40
2008.03.21 05:02:07.575,2.00285,2.0045,0.08,0.40
2008.03.21 05:02:07.863,2.00285,2.0045,0.08,0.40
2008.03.21 05:02:08.150,2.00285,2.0045,0.08,0.40
2008.03.21 05:02:08.458,2.00285,2.0045,0.08,0.40
2008.03.21 05:02:08.786,2.00285,2.0045,0.08,0.40
2008.03.21 05:02:09.033,2.00285,2.0045,0.08,0.40
2008.03.21 05:02:09.281,2.00285,2.0045,0.08,0.40
2008.03.21 05:02:09.528,2.00285,2.0045,0.08,0.40
2008.03.21 05:02:09.779,2.00285,2.0045,0.08,0.40
2008.03.21 05:02:10.071,2.00285,2.0045,0.08,0.40
2008.03.21 05:02:10.364,2.00285,2.0045,0.08,0.40
2008.03.21 05:02:10.656,2.00285,2.0045,0.08,0.40
2008.03.21 05:02:10.988,2.00285,2.0045,0.08,0.40
2008.03.21 05:02:11.323,2.00285,2.0045,0.08,0.40
2008.03.21 05:02:11.656,2.00285,2.0045,0.08,0.40
2008.03.21 05:02:11.866,2.00285,2.0045,0.08,0.40
2008.03.21 05:02:12.069,2.00285,2.0045,0.08,0.40
2008.03.21 05:02:12.272,2.00285,2.0045,0.08,0.40
2008.03.21 05:02:12.475,2.00285,2.0045,0.08,0.40
2008.03.21 05:02:12.677,2.00285,2.0045,0.08,0.40
2008.03.21 05:02:12.880,2.00285,2.0045,0.08,0.40
2008.03.21 05:02:13.202,2.00285,2.0045,0.08,0.40
2008.03.21 05:02:13.525,2.00285,2.0045,0.08,0.40
2008.03.21 05:02:13.847,2.00285,2.0045,0.08,0.40
2008.03.21 05:02:14.075,2.00285,2.0045,0.08,0.40
2008.03.21 05:02:14.302,2.00285,2.0045,0.08,0.40
2008.03.21 05:02:14.529,2.00285,2.0045,0.08,0.40
2008.03.21 05:02:14.781,2.00285,2.0045,0.08,0.40
2008.03.21 05:02:15.073,2.00285,2.0045,0.08,0.40
2008.03.21 05:02:15.386,2.00285,2.0045,0.08,0.40
2008.03.21 05:02:15.677,2.00285,2.0045,0.08,0.40
2008.03.21 05:02:15.971,2.00285,2.0045,0.08,0.40
2008.03.21 05:02:16.306,2.00285,2.0045,0.08,0.40
2008.03.21 05:02:16.639,2.00285,2.0045,0.08,0.40
2008.03.21 05:02:17.013,2.00285,2.0045,0.08,0.40
2008.03.21 05:02:17.230,2.00285,2.0045,0.08,0.40
2008.03.21 05:02:17.449,2.00285,2.0045,0.08,0.40
2008.03.21 05:02:17.666,2.00285,2.0045,0.08,0.40
2008.03.21 05:02:17.885,2.00285,2.0045,0.08,0.40
2008.03.21 05:02:18.188,2.00285,2.0045,0.08,0.40
2008.03.21 05:02:18.491,2.00285,2.0045,0.08,0.40
2008.03.21 05:02:18.797,2.00285,2.0045,0.08,0.40
2008.03.21 05:02:19.020,2.00285,2.0045,0.08,0.40
2008.03.21 05:02:19.243,2.00285,2.0045,0.08,0.40
2008.03.21 05:02:19.510,2.00285,2.0045,0.08,0.40
2008.03.21 05:02:19.774,2.00285,2.0045,0.08,0.40
2008.03.21 05:02:19.995,2.00285,2.0045,0.08,0.40
2008.03.21 05:02:20.328,2.00285,2.0045,0.08,0.40
2008.03.21 05:02:20.665,2.00285,2.0045,0.08,0.40
2008.03.21 05:02:21.000,2.00285,2.0045,0.08,0.40
2008.03.21 05:02:21.183,2.00285,2.0045,0.08,0.40
2008.03.21 05:02:21.365,2.00285,2.0045,0.08,0.40
2008.03.21 05:02:21.549,2.00285,2.0045,0.08,0.40
2008.03.21 05:02:21.733,2.00285,2.0045,0.08,0.40
2008.03.21 05:02:21.917,2.00285,2.0045,0.08,0.40
2008.03.21 05:02:22.100,2.00285,2.0045,0.08,0.40
2008.03.21 05:02:22.433,2.00285,2.0045,0.08,0.40
2008.03.21 05:02:22.766,2.00285,2.0045,0.08,0.40
2008.03.21 05:02:23.138,2.00285,2.0045,0.08,0.40
2008.03.21 05:02:23.318,2.0029,2.0045,6.00,0.40
2008.03.21 05:02:23.536,2.0029,2.0045,6.00,0.40
2008.03.21 05:02:23.754,2.0029,2.0045,6.00,0.40
2008.03.21 05:02:23.971,2.0029,2.0045,6.00,0.40
2008.03.21 05:02:24.189,2.0029,2.0045,6.00,0.40
2008.03.21 05:02:24.507,2.0029,2.0045,6.00,0.40
2008.03.21 05:02:24.849,2.0029,2.0045,6.00,0.40
2008.03.21 05:02:25.168,2.0029,2.0045,6.00,0.40
2008.03.21 05:02:25.500,2.0029,2.0045,6.00,0.40
2008.03.21 05:02:25.835,2.0029,2.0045,6.00,0.40
2008.03.21 05:02:26.199,2.0029,2.0045,6.00,0.40
2008.03.21 05:02:26.406,2.0029,2.0045,6.00,0.40
2008.03.21 05:02:26.614,2.0029,2.0045,6.00,0.40
2008.03.21 05:02:26.826,2.0029,2.0045,6.00,0.40
2008.03.21 05:02:27.036,2.0029,2.0045,6.00,0.40
2008.03.21 05:02:27.242,2.0029,2.0045,6.00,0.40
2008.03.21 05:02:27.566,2.0029,2.0045,6.00,0.40
2008.03.21 05:02:27.889,2.0029,2.0045,6.00,0.40
2008.03.21 05:02:28.211,2.0029,2.0045,6.00,0.40
2008.03.21 05:02:28.420,2.0029,2.0045,6.00,0.40
2008.03.21 05:02:28.627,2.0029,2.0045,6.00,0.40
2008.03.21 05:02:28.836,2.0029,2.0045,6.00,0.40
2008.03.21 05:02:29.044,2.0029,2.0045,6.00,0.40
2008.03.21 05:02:29.291,2.0029,2.0045,6.00,0.40
2008.03.21 05:02:29.576,2.0029,2.0045,6.00,0.40
2008.03.21 05:02:29.898,2.0029,2.0045,6.00,0.40
2008.03.21 05:02:30.221,2.0029,2.0045,6.00,0.40
2008.03.21 05:02:30.555,2.0029,2.0045,6.00,0.40
2008.03.21 05:02:30.883,2.0029,2.0045,6.00,0.40
2008.03.21 05:02:31.210,2.0029,2.0045,6.00,0.40
2008.03.21 05:02:33.007,2.003,2.0045,10.00,0.40
2008.03.21 05:02:34.581,2.003,2.0045,10.00,0.40
2008.03.21 05:02:34.609,2.0029,2.0045,6.00,0.40
2008.03.21 05:02:34.698,2.0029,2.0045,6.00,0.40
2008.03.21 05:02:34.803,2.0029,2.0045,6.00,0.40
2008.03.21 05:02:34.958,2.0029,2.0045,6.00,0.40
2008.03.21 05:02:35.019,2.0029,2.0045,6.00,0.40
2008.03.21 05:02:35.138,2.0029,2.0045,6.00,0.40
2008.03.21 05:02:35.244,2.0029,2.0045,6.00,0.40
2008.03.21 05:02:35.360,2.0029,2.0045,6.00,0.40
2008.03.21 05:02:35.498,2.0029,2.0045,6.00,0.40
2008.03.21 05:02:35.581,2.0029,2.0045,6.00,0.40
2008.03.21 05:02:35.696,2.0029,2.0045,6.00,0.40
2008.03.21 05:02:36.028,2.0029,2.0045,6.00,0.40
2008.03.21 05:02:36.363,2.0029,2.0045,6.00,0.40
2008.03.21 05:02:36.696,2.0029,2.0045,6.00,0.40
2008.03.21 05:02:36.920,2.0029,2.0045,6.00,0.40
2008.03.21 05:02:37.178,2.0029,2.0045,6.00,0.40
2008.03.21 05:02:37.400,2.0029,2.0045,6.00,0.40
2008.03.21 05:02:37.623,2.0029,2.0045,6.00,0.40
2008.03.21 05:02:37.940,2.0029,2.0045,6.00,0.40
2008.03.21 05:02:38.258,2.0029,2.0045,6.00,0.40
2008.03.21 05:02:38.576,2.0029,2.0045,6.00,0.40
2008.03.21 05:02:38.894,2.0029,2.0045,6.00,0.40
2008.03.21 05:02:39.112,2.0029,2.0045,6.00,0.40
2008.03.21 05:02:39.330,2.0029,2.0045,6.00,0.40
2008.03.21 05:02:39.548,2.0029,2.0045,6.00,0.40
2008.03.21 05:02:39.766,2.0029,2.0045,6.00,0.40
2008.03.21 05:02:40.059,2.0029,2.0045,6.00,0.40
2008.03.21 05:02:40.351,2.0029,2.0045,6.00,0.40
2008.03.21 05:02:40.643,2.0029,2.0045,6.00,0.40
2008.03.21 05:02:40.975,2.0029,2.0045,6.00,0.40
2008.03.21 05:02:41.308,2.0029,2.0045,6.00,0.40
2008.03.21 05:02:41.640,2.0029,2.0045,6.00,0.40
2008.03.21 05:02:41.972,2.0029,2.0045,6.00,0.40
2008.03.21 05:02:42.185,2.0029,2.0045,6.00,0.40
2008.03.21 05:02:42.398,2.0029,2.0045,6.00,0.40
2008.03.21 05:02:42.612,2.0029,2.0045,6.00,0.40
2008.03.21 05:02:42.824,2.0029,2.0045,6.00,0.40
2008.03.21 05:02:43.131,2.0029,2.0045,6.00,0.40
2008.03.21 05:02:43.493,2.0029,2.0045,6.00,0.40
2008.03.21 05:02:43.774,2.0029,2.0045,6.00,0.40
2008.03.21 05:02:44.002,2.0029,2.0045,6.00,0.40
2008.03.21 05:02:44.230,2.0029,2.0045,6.00,0.40
2008.03.21 05:02:44.457,2.0029,2.0045,6.00,0.40
2008.03.21 05:02:44.700,2.0029,2.0045,6.00,0.40
2008.03.21 05:02:45.003,2.0029,2.0045,6.00,0.40
2008.03.21 05:02:45.306,2.0029,2.0045,6.00,0.40
2008.03.21 05:02:45.608,2.0029,2.0045,6.00,0.40
2008.03.21 05:02:45.911,2.0029,2.0045,6.00,0.40
2008.03.21 05:02:46.267,2.0029,2.0045,6.00,0.40
2008.03.21 05:02:46.600,2.0029,2.0045,6.00,0.40
2008.03.21 05:02:46.933,2.0029,2.0045,6.00,0.40
2008.03.21 05:02:47.135,2.0029,2.0045,6.00,0.40
2008.03.21 05:02:47.338,2.0029,2.0045,6.00,0.40
2008.03.21 05:02:47.540,2.0029,2.0045,6.00,0.40
2008.03.21 05:02:47.743,2.0029,2.0045,6.00,0.40
2008.03.21 05:02:47.946,2.0029,2.0045,6.00,0.40
2008.03.21 05:02:48.279,2.0029,2.0045,6.00,0.40
2008.03.21 05:02:48.612,2.0029,2.0045,6.00,0.40
2008.03.21 05:02:48.967,2.0029,2.0045,6.00,0.40
2008.03.21 05:02:49.159,2.0029,2.0045,6.00,0.40
2008.03.21 05:02:49.352,2.0029,2.0045,6.00,0.40
2008.03.21 05:02:49.554,2.0029,2.0045,6.00,0.40
2008.03.21 05:02:49.797,2.0029,2.0045,6.00,0.40
2008.03.21 05:02:49.991,2.0029,2.0045,6.00,0.40
2008.03.21 05:02:50.325,2.0029,2.0045,6.00,0.40
2008.03.21 05:02:50.659,2.0029,2.0045,6.00,0.40
2008.03.21 05:02:50.993,2.0029,2.0045,6.00,0.40
2008.03.21 05:02:51.202,2.0029,2.0045,6.00,0.40
2008.03.21 05:02:51.410,2.0029,2.0045,6.00,0.40
2008.03.21 05:02:51.619,2.0029,2.0045,6.00,0.40
2008.03.21 05:02:51.827,2.0029,2.0045,6.00,0.40
2008.03.21 05:02:52.037,2.0029,2.0045,6.00,0.40
2008.03.21 05:02:52.369,2.0029,2.0045,6.00,0.40
2008.03.21 05:02:52.741,2.0029,2.0045,6.00,0.40
2008.03.21 05:02:53.073,2.0029,2.0045,6.00,0.40
2008.03.21 05:02:53.277,2.0029,2.0045,6.00,0.40
2008.03.21 05:02:53.479,2.0029,2.0045,6.00,0.40
2008.03.21 05:02:53.683,2.0029,2.0045,6.00,0.40
2008.03.21 05:02:53.886,2.0029,2.0045,6.00,0.40
2008.03.21 05:02:54.088,2.0029,2.0045,6.00,0.40
2008.03.21 05:02:54.426,2.0029,2.0045,6.00,0.40
2008.03.21 05:02:54.815,2.0029,2.0045,6.00,0.40
2008.03.21 05:02:55.147,2.0029,2.0045,6.00,0.40
2008.03.21 05:02:55.475,2.0029,2.0045,6.00,0.40
2008.03.21 05:02:55.804,2.0029,2.0045,6.00,0.40
2008.03.21 05:02:56.130,2.0029,2.0045,6.00,0.40
2008.03.21 05:02:56.352,2.0029,2.0045,6.00,0.40
2008.03.21 05:02:56.576,2.0029,2.0045,6.00,0.40
2008.03.21 05:02:56.799,2.0029,2.0045,6.00,0.40
2008.03.21 05:02:57.036,2.0029,2.0045,6.00,0.40
2008.03.21 05:02:57.260,2.0029,2.0045,6.00,0.40
2008.03.21 05:02:57.573,2.0029,2.0045,6.00,0.40
2008.03.21 05:02:57.885,2.0029,2.0045,6.00,0.40
2008.03.21 05:02:58.239,2.0029,2.0045,6.00,0.40
2008.03.21 05:02:58.451,2.0029,2.0045,6.00,0.40
2008.03.21 05:02:58.664,2.00285,2.0045,0.08,0.40
2008.03.21 05:02:58.876,2.00285,2.0045,0.08,0.40
2008.03.21 05:02:59.089,2.00285,2.0045,0.08,0.40
2008.03.21 05:02:59.301,2.00285,2.0045,0.08,0.40
2008.03.21 05:02:59.615,2.00285,2.0045,0.08,0.40
2008.03.21 05:02:59.960,2.00285,2.0045,0.08,0.40
2008.03.21 05:03:00.272,2.00285,2.0045,0.08,0.40
2008.03.21 05:03:00.605,2.00285,2.0045,0.08,0.40
2008.03.21 05:03:00.938,2.00285,2.0045,0.08,0.40
2008.03.21 05:03:01.276,2.00285,2.0045,0.08,0.40
2008.03.21 05:03:01.608,2.00285,2.0045,0.08,0.40
2008.03.21 05:03:01.815,2.00285,2.0045,0.08,0.40
2008.03.21 05:03:02.023,2.00285,2.0045,0.08,0.40
2008.03.21 05:03:02.231,2.00285,2.0045,0.08,0.40
2008.03.21 05:03:02.439,2.00285,2.0045,0.08,0.40
2008.03.21 05:03:02.736,2.00285,2.0045,0.08,0.40
2008.03.21 05:03:03.047,2.00285,2.0045,0.08,0.40
2008.03.21 05:03:03.345,2.00285,2.0045,0.08,0.40
2008.03.21 05:03:03.587,2.00285,2.0045,0.08,0.40
2008.03.21 05:03:03.830,2.00285,2.0045,0.08,0.40
2008.03.21 05:03:04.073,2.00285,2.0045,0.08,0.40
2008.03.21 05:03:04.316,2.00285,2.0045,0.08,0.40
2008.03.21 05:03:04.558,2.00285,2.0045,0.08,0.40
2008.03.21 05:03:04.877,2.00285,2.0045,0.08,0.40
2008.03.21 05:03:05.164,2.00285,2.0045,0.08,0.40
2008.03.21 05:03:05.452,2.00285,2.0045,0.08,0.40
2008.03.21 05:03:05.784,2.00285,2.0045,0.08,0.40
2008.03.21 05:03:06.117,2.00285,2.0045,0.08,0.40
2008.03.21 05:03:06.487,2.00285,2.0045,0.08,0.40
2008.03.21 05:03:06.667,2.00285,2.0045,0.08,0.40
2008.03.21 05:03:06.888,2.00285,2.0045,0.08,0.40
2008.03.21 05:03:07.104,2.00285,2.0045,0.08,0.40
2008.03.21 05:03:07.322,2.00285,2.0045,0.08,0.40
2008.03.21 05:03:07.540,2.00285,2.0045,0.08,0.40
2008.03.21 05:03:07.848,2.00285,2.0045,0.08,0.40
2008.03.21 05:03:08.160,2.00285,2.0045,0.08,0.40
2008.03.21 05:03:08.468,2.00285,2.0045,0.08,0.40
2008.03.21 05:03:08.775,2.00285,2.0045,0.08,0.40
2008.03.21 05:03:09.012,2.00285,2.0045,0.08,0.40
2008.03.21 05:03:09.250,2.00285,2.0045,0.08,0.40
2008.03.21 05:03:09.488,2.00285,2.0045,0.08,0.40
2008.03.21 05:03:09.726,2.00285,2.0045,0.08,0.40
2008.03.21 05:03:10.003,2.00285,2.0045,0.08,0.40
2008.03.21 05:03:10.281,2.00285,2.0045,0.08,0.40
2008.03.21 05:03:10.559,2.00285,2.0045,0.08,0.40
2008.03.21 05:03:10.892,2.00285,2.0045,0.08,0.40
2008.03.21 05:03:11.224,2.00285,2.0045,0.08,0.40
2008.03.21 05:03:11.557,2.00285,2.0045,0.08,0.40
2008.03.21 05:03:11.909,2.00285,2.0045,0.08,0.40
2008.03.21 05:03:12.117,2.00285,2.0045,0.08,0.40
2008.03.21 05:03:12.325,2.00285,2.0045,0.08,0.40
2008.03.21 05:03:12.532,2.00285,2.0045,0.08,0.40
2008.03.21 05:03:12.740,2.00285,2.0045,0.08,0.40
2008.03.21 05:03:13.058,2.00285,2.0045,0.08,0.40
2008.03.21 05:03:13.375,2.00285,2.0045,0.08,0.40
2008.03.21 05:03:13.692,2.00285,2.0045,0.08,0.40
2008.03.21 05:03:13.915,2.00285,2.0045,0.08,0.40
2008.03.21 05:03:14.178,2.00285,2.0045,0.08,0.40
2008.03.21 05:03:14.400,2.00285,2.0045,0.08,0.40
2008.03.21 05:03:14.622,2.00285,2.0045,0.08,0.40
2008.03.21 05:03:14.850,2.00285,2.0045,0.08,0.40
2008.03.21 05:03:15.161,2.00285,2.0045,0.08,0.40
2008.03.21 05:03:15.474,2.00285,2.0045,0.08,0.40
2008.03.21 05:03:15.786,2.00285,2.0045,0.08,0.40
2008.03.21 05:03:16.121,2.00285,2.0045,0.08,0.40
2008.03.21 05:03:16.496,2.00285,2.0045,0.08,0.40
2008.03.21 05:03:16.788,2.00285,2.0045,0.08,0.40
2008.03.21 05:03:16.991,2.00285,2.0045,0.08,0.40
2008.03.21 05:03:17.234,2.00285,2.0045,0.08,0.40
2008.03.21 05:03:17.436,2.00285,2.0045,0.08,0.40
2008.03.21 05:03:17.639,2.00285,2.0045,0.08,0.40
2008.03.21 05:03:17.843,2.00285,2.0045,0.08,0.40
2008.03.21 05:03:18.160,2.00285,2.0045,0.08,0.40
2008.03.21 05:03:18.478,2.00285,2.0045,0.08,0.40
2008.03.21 05:03:18.796,2.00285,2.0045,0.08,0.40
2008.03.21 05:03:19.020,2.00285,2.0045,0.08,0.40
2008.03.21 05:03:19.243,2.00285,2.0045,0.08,0.40
2008.03.21 05:03:19.464,2.00285,2.0045,0.08,0.40
2008.03.21 05:03:19.725,2.00285,2.0045,0.08,0.40
2008.03.21 05:03:19.910,2.00285,2.0045,0.08,0.40
2008.03.21 05:03:20.203,2.00285,2.0045,0.08,0.40
2008.03.21 05:03:20.496,2.00285,2.0045,0.08,0.40
2008.03.21 05:03:20.824,2.003,2.0041,2.20,0.80
2008.03.21 05:03:21.157,2.003,2.0041,2.20,0.80
2008.03.21 05:03:21.490,2.0032,2.0041,0.30,0.80
2008.03.21 05:03:21.825,2.0032,2.0041,0.30,0.80
2008.03.21 05:03:22.043,2.0032,2.0041,0.30,0.80
2008.03.21 05:03:22.262,2.0032,2.0041,0.30,0.80
2008.03.21 05:03:22.480,2.0032,2.0041,0.30,0.80
2008.03.21 05:03:22.699,2.0032,2.0041,0.30,0.80
2008.03.21 05:03:22.944,2.0032,2.0041,0.30,0.80
2008.03.21 05:03:23.253,2.0032,2.0041,0.30,0.80
2008.03.21 05:03:23.562,2.0032,2.0041,0.30,0.80
2008.03.21 05:03:23.871,2.0032,2.0041,0.30,0.80
2008.03.21 05:03:24.134,2.0032,2.0041,0.30,0.80
2008.03.21 05:03:24.358,2.0032,2.0041,0.30,0.80
2008.03.21 05:03:24.582,2.0032,2.0041,0.30,0.80
2008.03.21 05:03:24.852,2.0032,2.0041,0.30,0.80
2008.03.21 05:03:25.185,2.0032,2.0041,0.30,0.80
2008.03.21 05:03:25.518,2.0032,2.0041,0.30,0.80
2008.03.21 05:03:25.851,2.0032,2.0041,0.30,0.80
2008.03.21 05:03:26.148,2.0032,2.0041,0.30,0.80
2008.03.21 05:03:26.442,2.0032,2.0041,0.30,0.80
2008.03.21 05:03:26.736,2.0032,2.0041,0.30,0.80
2008.03.21 05:03:27.029,2.0032,2.0041,0.30,0.80
2008.03.21 05:03:27.258,2.0032,2.0041,0.30,0.80
2008.03.21 05:03:27.488,2.0032,2.0041,0.30,0.80
2008.03.21 05:03:27.716,2.0032,2.0041,0.30,0.80
2008.03.21 05:03:27.945,2.0032,2.0041,0.30,0.80
2008.03.21 05:03:28.265,2.0032,2.0041,0.30,0.80
2008.03.21 05:03:28.583,2.0032,2.0041,0.30,0.80
2008.03.21 05:03:28.902,2.0032,2.0041,0.30,0.80
2008.03.21 05:03:29.115,2.0032,2.0041,0.30,0.80
2008.03.21 05:03:29.329,2.0032,2.0041,0.30,0.80
2008.03.21 05:03:29.581,2.0032,2.0041,0.30,0.80
2008.03.21 05:03:29.794,2.0032,2.0041,0.30,0.80
2008.03.21 05:03:30.008,2.0032,2.0041,0.30,0.80
2008.03.21 05:03:30.340,2.0032,2.0041,0.30,0.80
2008.03.21 05:03:30.674,2.0032,2.0041,0.30,0.80
2008.03.21 05:03:31.007,2.0032,2.0041,0.30,0.80
2008.03.21 05:03:31.225,2.0032,2.0041,0.30,0.80
2008.03.21 05:03:31.444,2.0032,2.0041,0.30,0.80
2008.03.21 05:03:31.665,2.0032,2.0041,0.30,0.80
2008.03.21 05:03:31.922,2.0032,2.0041,0.30,0.80
2008.03.21 05:03:32.233,2.0032,2.0041,0.30,0.80
2008.03.21 05:03:32.547,2.0032,2.0041,0.30,0.80
2008.03.21 05:03:32.860,2.0032,2.0041,0.30,0.80
2008.03.21 05:03:33.173,2.0032,2.0041,0.30,0.80
2008.03.21 05:03:33.441,2.0032,2.0041,0.30,0.80
2008.03.21 05:03:33.629,2.0032,2.0041,0.30,0.80
2008.03.21 05:03:33.857,2.0032,2.0041,0.30,0.80
2008.03.21 05:03:34.086,2.0032,2.0041,0.30,0.80
2008.03.21 05:03:34.380,2.0032,2.0041,0.30,0.80
2008.03.21 05:03:34.674,2.0032,2.0041,0.30,0.80
2008.03.21 05:03:34.968,2.0032,2.0041,0.30,0.80
2008.03.21 05:03:35.262,2.0032,2.0041,0.30,0.80
2008.03.21 05:03:35.619,2.0032,2.0041,0.30,0.80
2008.03.21 05:03:35.953,2.0032,2.0041,0.30,0.80
2008.03.21 05:03:36.286,2.0032,2.0041,0.30,0.80
2008.03.21 05:03:36.500,2.0032,2.0041,0.30,0.80
2008.03.21 05:03:36.749,2.0032,2.0041,0.30,0.80
2008.03.21 05:03:36.960,2.0032,2.0041,0.30,0.80
2008.03.21 05:03:37.179,2.0032,2.0041,0.30,0.80
2008.03.21 05:03:37.484,2.0032,2.0041,0.30,0.80
2008.03.21 05:03:37.790,2.0034,2.0043,0.30,0.80
2008.03.21 05:03:38.097,2.0034,2.0043,0.30,0.80
2008.03.21 05:03:38.343,2.0034,2.0043,0.30,0.80
2008.03.21 05:03:38.585,2.0034,2.0043,0.30,0.80
2008.03.21 05:03:38.829,2.0034,2.0043,0.30,0.80
2008.03.21 05:03:39.104,2.0035,2.00465,0.80,0.40
2008.03.21 05:03:39.407,2.0035,2.00475,0.80,0.40
2008.03.21 05:03:39.665,2.0035,2.00475,0.80,0.40
2008.03.21 05:03:39.923,2.0035,2.00475,0.80,0.40
2008.03.21 05:03:40.183,2.0035,2.00475,0.80,0.40
2008.03.21 05:03:40.518,2.0035,2.00475,0.80,0.40
2008.03.21 05:03:40.852,2.0036,2.00475,0.80,0.40
2008.03.21 05:03:41.185,2.0036,2.0048,0.80,0.80
2008.03.21 05:03:41.450,2.0036,2.0048,1.00,0.80
2008.03.21 05:03:41.634,2.0036,2.0048,1.00,0.80
2008.03.21 05:03:41.859,2.0036,2.0048,1.00,0.80
2008.03.21 05:03:42.082,2.0036,2.0048,1.00,0.80
2008.03.21 05:03:42.397,2.0036,2.0048,1.00,0.80
2008.03.21 05:03:42.753,2.0036,2.0048,1.00,1.20
2008.03.21 05:03:43.024,2.0036,2.0048,1.00,1.20
2008.03.21 05:03:43.338,2.0036,2.0048,1.00,1.20
2008.03.21 05:03:43.599,2.0036,2.0048,1.00,1.20
2008.03.21 05:03:43.786,2.0036,2.0048,1.00,1.20
2008.03.21 05:03:44.011,2.0036,2.0048,1.00,1.20
2008.03.21 05:03:44.263,2.0036,2.0048,1.00,1.20
2008.03.21 05:03:44.547,2.0036,2.0048,1.00,1.20
2008.03.21 05:03:44.830,2.0036,2.0048,1.00,1.20
2008.03.21 05:03:45.115,2.0036,2.0048,1.00,1.20
2008.03.21 05:03:45.399,2.0036,2.0048,1.00,1.20
2008.03.21 05:03:45.766,2.0036,2.0048,1.00,1.20
2008.03.21 05:03:46.144,2.0036,2.0048,1.00,1.20
2008.03.21 05:03:46.525,2.0036,2.0048,1.00,1.20
2008.03.21 05:03:46.693,2.0036,2.0048,1.00,1.20
2008.03.21 05:03:46.912,2.0036,2.0048,1.00,1.20
2008.03.21 05:03:47.156,2.0036,2.0048,1.00,1.20
2008.03.21 05:03:47.375,2.0036,2.0048,1.00,1.20
2008.03.21 05:03:47.675,2.0036,2.0048,1.00,1.20
2008.03.21 05:03:47.973,2.0036,2.0048,1.00,1.20
2008.03.21 05:03:48.271,2.0036,2.0048,1.00,1.20
2008.03.21 05:03:48.510,2.0036,2.0048,1.00,1.20
2008.03.21 05:03:48.748,2.0036,2.0048,1.00,1.20
2008.03.21 05:03:48.986,2.0036,2.0048,1.00,1.20
2008.03.21 05:03:49.252,2.0036,2.0048,1.00,1.20
2008.03.21 05:03:49.490,2.0036,2.0048,1.00,1.20
2008.03.21 05:03:49.774,2.0036,2.0048,1.00,1.20
2008.03.21 05:03:50.059,2.0036,2.0048,1.00,1.20
2008.03.21 05:03:50.342,2.0036,2.0048,1.00,1.20
2008.03.21 05:03:50.677,2.0036,2.0048,1.00,1.20
2008.03.21 05:03:51.010,2.0036,2.0048,1.00,1.20
2008.03.21 05:03:51.344,2.0036,2.0048,1.00,1.20
2008.03.21 05:03:51.568,2.0036,2.0048,1.00,1.20
2008.03.21 05:03:51.791,2.0036,2.0048,1.00,1.20
2008.03.21 05:03:52.015,2.0036,2.0048,1.00,1.20
2008.03.21 05:03:52.239,2.0036,2.0048,1.00,1.20
2008.03.21 05:03:52.461,2.0036,2.0048,1.00,1.20
2008.03.21 05:03:52.755,2.0036,2.0048,1.00,1.20
2008.03.21 05:03:53.048,2.0036,2.0048,1.00,1.20
2008.03.21 05:03:53.342,2.0036,2.0048,1.00,1.20
2008.03.21 05:03:53.636,2.0036,2.0048,1.00,1.20
2008.03.21 05:03:53.889,2.0036,2.0048,1.00,1.20
2008.03.21 05:03:54.143,2.0036,2.0048,1.00,1.20
2008.03.21 05:03:54.397,2.0036,2.0048,1.00,1.20
2008.03.21 05:03:54.671,2.0036,2.0048,1.00,1.20
2008.03.21 05:03:54.944,2.0036,2.0048,1.00,1.20
2008.03.21 05:03:55.218,2.0036,2.0048,1.00,1.20
2008.03.21 05:03:55.492,2.0036,2.0048,1.00,1.20
2008.03.21 05:03:55.826,2.0036,2.0048,1.00,1.20
2008.03.21 05:03:56.158,2.0036,2.0048,1.00,1.20
2008.03.21 05:03:56.491,2.0036,2.0048,1.00,1.20
2008.03.21 05:03:56.715,2.0036,2.0048,1.00,1.20
2008.03.21 05:03:56.943,2.0036,2.0048,1.00,1.20
2008.03.21 05:03:57.167,2.0036,2.0048,1.00,1.20
2008.03.21 05:03:57.391,2.0036,2.0048,1.00,1.20
2008.03.21 05:03:57.614,2.0036,2.0048,1.00,1.20
2008.03.21 05:03:57.947,2.0036,2.0048,1.00,1.20
2008.03.21 05:03:58.251,2.0036,2.0048,1.00,1.20
2008.03.21 05:03:58.554,2.0036,2.0048,1.00,1.20
2008.03.21 05:03:58.773,2.0036,2.0048,1.00,1.20
2008.03.21 05:03:59.029,2.0036,2.0048,1.00,1.20
2008.03.21 05:03:59.211,2.0036,2.0048,1.00,1.20
2008.03.21 05:03:59.430,2.0036,2.0048,1.00,1.20
2008.03.21 05:03:59.685,2.0036,2.0048,1.00,1.20
2008.03.21 05:04:00.045,2.0036,2.0048,1.00,1.20
2008.03.21 05:04:00.368,2.0036,2.0048,1.00,1.20
2008.03.21 05:04:00.693,2.0036,2.0048,1.00,1.20
2008.03.21 05:04:01.022,2.0036,2.0048,1.00,1.20
2008.03.21 05:04:01.352,2.0036,2.0048,1.00,1.20
2008.03.21 05:04:01.683,2.0036,2.0048,1.00,1.20
2008.03.21 05:04:01.892,2.0036,2.0048,1.00,1.20
2008.03.21 05:04:02.100,2.0036,2.0048,1.00,1.20
2008.03.21 05:04:02.341,2.0036,2.0048,1.00,1.20
2008.03.21 05:04:02.549,2.0036,2.0048,1.00,1.20
2008.03.21 05:04:02.863,2.0036,2.0048,1.00,1.20
2008.03.21 05:04:03.176,2.0036,2.0048,1.00,1.20
2008.03.21 05:04:03.490,2.0036,2.0048,1.00,1.20
2008.03.21 05:04:03.806,2.0036,2.0048,1.00,1.20
2008.03.21 05:04:04.086,2.0036,2.0048,1.00,1.20
2008.03.21 05:04:04.329,2.0036,2.0048,1.00,1.20
2008.03.21 05:04:04.573,2.0036,2.0048,1.00,1.20
2008.03.21 05:04:04.847,2.0036,2.0048,1.00,1.20
2008.03.21 05:04:05.125,2.0036,2.0048,1.00,1.20
2008.03.21 05:04:05.399,2.0036,2.0048,1.00,1.20
2008.03.21 05:04:05.682,2.0036,2.0048,1.00,1.20
2008.03.21 05:04:06.017,2.0036,2.0048,1.00,1.20
2008.03.21 05:04:06.350,2.0036,2.0048,1.00,1.20
2008.03.21 05:04:06.685,2.0036,2.0048,1.00,1.20
2008.03.21 05:04:06.898,2.0036,2.0048,1.00,1.20
2008.03.21 05:04:07.111,2.0036,2.0048,1.00,1.20
2008.03.21 05:04:07.325,2.0036,2.0048,1.00,1.20
2008.03.21 05:04:07.538,2.0036,2.0048,1.00,1.20
2008.03.21 05:04:07.791,2.0036,2.0048,1.00,1.20
2008.03.21 05:04:08.104,2.0036,2.0048,1.00,1.20
2008.03.21 05:04:08.417,2.0036,2.0048,1.00,1.20
2008.03.21 05:04:08.730,2.0036,2.0048,1.00,1.20
2008.03.21 05:04:08.978,2.0036,2.0048,1.00,1.20
2008.03.21 05:04:09.196,2.0036,2.0048,1.00,1.20
2008.03.21 05:04:09.414,2.0036,2.0048,1.00,1.20
2008.03.21 05:04:09.637,2.0036,2.0048,1.00,1.20
2008.03.21 05:04:09.949,2.0036,2.0048,1.00,1.20
2008.03.21 05:04:10.248,2.0036,2.0048,1.00,1.20
2008.03.21 05:04:10.548,2.0036,2.0048,1.00,1.20
2008.03.21 05:04:10.847,2.0036,2.0048,1.00,1.20
2008.03.21 05:04:11.180,2.0036,2.0048,1.00,1.20
2008.03.21 05:04:11.514,2.0036,2.0048,1.00,1.20
2008.03.21 05:04:11.887,2.0036,2.0048,1.00,1.20
2008.03.21 05:04:12.105,2.0036,2.0048,1.00,1.20
2008.03.21 05:04:12.323,2.0036,2.0048,1.00,1.20
2008.03.21 05:04:12.542,2.0036,2.0048,1.00,1.20
2008.03.21 05:04:12.795,2.0036,2.0048,1.00,1.20
2008.03.21 05:04:13.058,2.0036,2.0048,1.00,1.20
2008.03.21 05:04:13.357,2.0036,2.0048,1.00,1.20
2008.03.21 05:04:13.655,2.0036,2.0048,1.00,1.20
2008.03.21 05:04:13.957,2.0036,2.0048,1.00,1.20
2008.03.21 05:04:14.188,2.0036,2.0048,1.00,1.20
2008.03.21 05:04:14.418,2.0036,2.0048,1.00,1.20
2008.03.21 05:04:14.685,2.0036,2.0048,1.00,1.20
2008.03.21 05:04:14.993,2.0036,2.0048,1.00,1.20
2008.03.21 05:04:15.338,2.0036,2.0048,1.00,1.20
2008.03.21 05:04:15.647,2.0036,2.0048,1.00,1.20
2008.03.21 05:04:15.956,2.0036,2.0048,1.00,1.20
2008.03.21 05:04:16.290,2.0036,2.0048,1.00,1.20
2008.03.21 05:04:16.623,2.0036,2.0048,1.00,1.20
2008.03.21 05:04:16.997,2.0036,2.0048,1.00,1.20
2008.03.21 05:04:17.200,2.00365,2.0048,0.08,1.20
2008.03.21 05:04:17.404,2.0037,2.0052,0.80,0.40
2008.03.21 05:04:17.607,2.0037,2.0052,0.80,0.40
2008.03.21 05:04:17.811,2.0037,2.0052,0.80,0.40
2008.03.21 05:04:18.120,2.0037,2.0052,0.80,0.40
2008.03.21 05:04:18.428,2.0037,2.0052,0.80,0.40
2008.03.21 05:04:18.737,2.0038,2.0052,0.80,0.40
2008.03.21 05:04:19.045,2.0039,2.0052,0.80,0.40
2008.03.21 05:04:19.288,2.0039,2.0052,0.80,0.40
2008.03.21 05:04:19.533,2.0039,2.0052,0.80,0.40
2008.03.21 05:04:19.776,2.0039,2.0052,0.80,0.40
2008.03.21 05:04:20.019,2.0039,2.0052,0.80,0.40
2008.03.21 05:04:20.287,2.0039,2.0052,0.80,0.40
2008.03.21 05:04:20.555,2.0039,2.0052,0.80,0.40
2008.03.21 05:04:20.824,2.0039,2.0052,0.80,0.40
2008.03.21 05:04:21.092,2.0039,2.0052,0.80,0.40
2008.03.21 05:04:21.425,2.0039,2.0052,0.80,0.40
2008.03.21 05:04:21.759,2.0039,2.0052,0.80,0.40
2008.03.21 05:04:22.101,2.0039,2.0052,0.80,0.40
2008.03.21 05:04:22.314,2.0039,2.0052,0.80,0.40
2008.03.21 05:04:22.528,2.0039,2.0052,0.80,0.40
2008.03.21 05:04:22.741,2.0039,2.0052,0.80,0.40
2008.03.21 05:04:22.957,2.0039,2.0052,0.80,0.40
2008.03.21 05:04:23.298,2.0039,2.0052,0.80,0.40
2008.03.21 05:04:23.639,2.0039,2.0052,0.80,0.40
2008.03.21 05:04:23.942,2.0039,2.0052,0.80,0.40
2008.03.21 05:04:24.245,2.0039,2.0052,0.80,0.40
2008.03.21 05:04:24.499,2.0039,2.0052,0.80,0.40
2008.03.21 05:04:24.753,2.0039,2.0052,0.80,0.40
2008.03.21 05:04:25.044,2.0039,2.0052,0.80,0.40
2008.03.21 05:04:25.418,2.0039,2.0052,0.80,0.40
2008.03.21 05:04:25.711,2.0039,2.0052,0.80,0.40
2008.03.21 05:04:26.045,2.0039,2.0052,0.80,0.40
2008.03.21 05:04:26.249,2.0039,2.0052,0.80,0.40
2008.03.21 05:04:26.491,2.0039,2.0052,0.80,0.40
2008.03.21 05:04:26.694,2.0039,2.0052,0.80,0.40
2008.03.21 05:04:26.897,2.0039,2.0052,0.80,0.40
2008.03.21 05:04:27.102,2.0039,2.0052,0.80,0.40
2008.03.21 05:04:27.463,2.0039,2.0052,0.80,0.40
2008.03.21 05:04:27.793,2.0039,2.0052,0.80,0.40
2008.03.21 05:04:28.122,2.0037,2.0052,0.80,0.40
2008.03.21 05:04:28.335,2.0037,2.0051,0.80,0.40
2008.03.21 05:04:28.548,2.0037,2.0051,0.80,0.40
2008.03.21 05:04:28.800,2.0037,2.0051,0.80,0.40
2008.03.21 05:04:29.014,2.0037,2.0051,0.80,0.40
2008.03.21 05:04:29.227,2.0037,2.0051,0.80,0.40
2008.03.21 05:04:29.546,2.0037,2.0051,0.80,0.40
2008.03.21 05:04:29.863,2.0037,2.0051,0.80,0.40
2008.03.21 05:04:30.201,2.0037,2.0051,0.80,0.40
2008.03.21 05:04:30.534,2.0037,2.0051,0.80,0.40
2008.03.21 05:04:30.867,2.0037,2.0051,0.80,0.40
2008.03.21 05:04:31.199,2.0037,2.0051,0.80,0.40
2008.03.21 05:04:31.427,2.0037,2.0051,0.80,0.40
2008.03.21 05:04:31.635,2.0037,2.0051,0.80,0.40
2008.03.21 05:04:31.842,2.0037,2.0051,0.80,0.40
2008.03.21 05:04:32.051,2.0037,2.0051,0.80,0.40
2008.03.21 05:04:32.259,2.0037,2.0051,0.80,0.40
2008.03.21 05:04:32.582,2.0037,2.0051,0.80,0.40
2008.03.21 05:04:32.905,2.0037,2.0051,0.80,0.40
2008.03.21 05:04:33.228,2.0042,2.0053,0.80,0.60
2008.03.21 05:04:33.441,2.0042,2.00535,0.80,0.40
2008.03.21 05:04:33.655,2.0042,2.00535,0.80,0.40
2008.03.21 05:04:33.869,2.0042,2.00535,0.80,0.40
2008.03.21 05:04:34.083,2.0042,2.00535,0.80,0.40
2008.03.21 05:04:34.296,2.0042,2.00535,0.80,0.40
2008.03.21 05:04:34.628,2.0042,2.00535,0.80,0.40
2008.03.21 05:04:34.885,2.0042,2.0054,0.80,0.80
2008.03.21 05:04:35.179,2.0042,2.0054,0.80,0.80
2008.03.21 05:04:35.473,2.0043,2.0054,0.30,0.80
2008.03.21 05:04:35.806,2.0043,2.0054,0.30,0.80
2008.03.21 05:04:36.140,2.0043,2.0054,0.30,0.80
2008.03.21 05:04:36.486,2.0043,2.0054,0.30,0.80
2008.03.21 05:04:36.690,2.0043,2.0054,0.30,0.80
2008.03.21 05:04:36.894,2.0043,2.0054,0.30,0.80
2008.03.21 05:04:37.098,2.0043,2.0054,0.30,0.80
2008.03.21 05:04:37.338,2.0043,2.0054,0.30,0.80
2008.03.21 05:04:37.658,2.0043,2.0054,0.30,0.80
2008.03.21 05:04:37.977,2.0043,2.0054,0.30,0.80
2008.03.21 05:04:38.296,2.0043,2.0054,0.30,0.80
2008.03.21 05:04:38.516,2.0043,2.0054,0.30,0.80
2008.03.21 05:04:38.772,2.0043,2.0054,0.30,0.80
2008.03.21 05:04:38.992,2.0043,2.0054,0.30,0.80
2008.03.21 05:04:39.209,2.0043,2.0054,0.30,0.80
2008.03.21 05:04:39.428,2.0043,2.0054,0.30,0.80
2008.03.21 05:04:39.733,2.0044,2.0055,0.30,0.40
2008.03.21 05:04:40.037,2.0044,2.0055,0.30,0.40
2008.03.21 05:04:40.342,2.004,2.0054,1.00,0.40
2008.03.21 05:04:40.713,2.004,2.0054,0.30,0.40
2008.03.21 05:04:41.010,2.004,2.00535,0.30,0.40
2008.03.21 05:04:41.344,2.004,2.00535,0.30,0.40
2008.03.21 05:04:41.548,2.004,2.00535,0.30,0.40
2008.03.21 05:04:41.789,2.004,2.00535,0.30,0.40
2008.03.21 05:04:41.991,2.004,2.00535,0.30,0.40
2008.03.21 05:04:42.195,2.004,2.00535,0.30,0.40
2008.03.21 05:04:42.397,2.004,2.00535,0.30,0.40
2008.03.21 05:04:42.710,2.004,2.00535,0.30,0.40
2008.03.21 05:04:43.024,2.004,2.00535,0.30,0.40
2008.03.21 05:04:43.338,2.004,2.00535,0.30,0.40
2008.03.21 05:04:43.650,2.004,2.00535,0.30,0.40
2008.03.21 05:04:43.892,2.004,2.00535,0.30,0.40
2008.03.21 05:04:44.169,2.004,2.00535,0.30,0.40
2008.03.21 05:04:44.408,2.004,2.00535,0.30,0.40
2008.03.21 05:04:44.676,2.004,2.00535,0.30,0.40
2008.03.21 05:04:45.024,2.004,2.00535,0.30,0.40
2008.03.21 05:04:45.296,2.004,2.0052,0.30,0.40
2008.03.21 05:04:45.564,2.004,2.0052,0.30,0.40
2008.03.21 05:04:45.898,2.004,2.0052,0.30,0.40
2008.03.21 05:04:46.234,2.004,2.0052,0.30,0.40
2008.03.21 05:04:46.604,2.004,2.0052,0.30,0.40
2008.03.21 05:04:46.817,2.004,2.0052,0.30,0.40
2008.03.21 05:04:47.031,2.004,2.0052,0.30,0.40
2008.03.21 05:04:47.245,2.004,2.0052,0.30,0.40
2008.03.21 05:04:47.466,2.004,2.0052,0.30,0.40
2008.03.21 05:04:47.775,2.004,2.0052,0.30,0.40
2008.03.21 05:04:48.084,2.004,2.0052,0.30,0.40
2008.03.21 05:04:48.393,2.004,2.0052,0.30,0.40
2008.03.21 05:04:48.701,2.004,2.0052,0.30,0.40
2008.03.21 05:04:48.945,2.004,2.0052,0.30,0.40
2008.03.21 05:04:49.189,2.004,2.0052,0.30,0.40
2008.03.21 05:04:49.433,2.004,2.0052,0.30,0.40
2008.03.21 05:04:49.677,2.004,2.0052,0.30,0.40
2008.03.21 05:04:49.941,2.004,2.0052,0.30,0.40
2008.03.21 05:04:50.205,2.004,2.0052,0.30,0.40
2008.03.21 05:04:50.469,2.004,2.0052,0.30,0.40
2008.03.21 05:04:50.733,2.004,2.0052,0.30,0.40
2008.03.21 05:04:51.067,2.004,2.0052,0.30,0.40
2008.03.21 05:04:51.400,2.004,2.0052,0.30,0.40
2008.03.21 05:04:51.734,2.004,2.0052,0.30,0.40
2008.03.21 05:04:51.980,2.004,2.0052,0.30,0.40
2008.03.21 05:04:52.152,2.004,2.0052,0.30,0.40
2008.03.21 05:04:52.361,2.004,2.0052,0.30,0.40
2008.03.21 05:04:52.570,2.004,2.0052,0.30,0.40
2008.03.21 05:04:52.920,2.004,2.0052,0.30,0.40
2008.03.21 05:04:53.234,2.004,2.0052,0.30,0.40
2008.03.21 05:04:53.548,2.004,2.0052,0.30,0.40
2008.03.21 05:04:53.863,2.004,2.0052,0.30,0.40
2008.03.21 05:04:54.097,2.004,2.0052,0.30,0.40
2008.03.21 05:04:54.369,2.004,2.0052,0.30,0.40
2008.03.21 05:04:54.601,2.004,2.0052,0.30,0.40
2008.03.21 05:04:54.875,2.004,2.0052,0.30,0.40
2008.03.21 05:04:55.149,2.004,2.0052,0.30,0.40
2008.03.21 05:04:55.423,2.004,2.0052,0.30,0.40
2008.03.21 05:04:55.696,2.004,2.0052,0.30,0.40
2008.03.21 05:04:56.029,2.004,2.0052,0.30,0.40
2008.03.21 05:04:56.363,2.004,2.0052,0.30,0.40
2008.03.21 05:04:56.697,2.004,2.0052,0.30,0.40
2008.03.21 05:04:56.906,2.004,2.0052,0.30,0.40
2008.03.21 05:04:57.114,2.004,2.0052,0.30,0.40
2008.03.21 05:04:57.323,2.004,2.0052,0.30,0.40
2008.03.21 05:04:57.532,2.004,2.0052,0.30,0.40
2008.03.21 05:04:57.741,2.004,2.0052,0.30,0.40
2008.03.21 05:04:58.064,2.004,2.0052,0.30,0.40
2008.03.21 05:04:58.418,2.004,2.0052,0.30,0.40
2008.03.21 05:04:58.743,2.004,2.0052,0.30,0.40
2008.03.21 05:04:58.977,2.004,2.0052,0.30,0.40
2008.03.21 05:04:59.206,2.004,2.0052,0.30,0.40
2008.03.21 05:04:59.467,2.004,2.0052,0.30,0.40
2008.03.21 05:04:59.695,2.004,2.0052,0.30,0.40
2008.03.21 05:04:59.982,2.004,2.0052,0.30,0.40
2008.03.21 05:05:00.260,2.004,2.0052,0.30,0.40
2008.03.21 05:05:00.540,2.004,2.0052,0.30,0.40
2008.03.21 05:05:00.818,2.004,2.0052,0.30,0.40
2008.03.21 05:05:01.153,2.004,2.0052,0.30,0.40
2008.03.21 05:05:01.486,2.004,2.0052,0.30,0.40
2008.03.21 05:05:01.820,2.004,2.0052,0.30,0.40
2008.03.21 05:05:02.024,2.004,2.0052,0.30,0.40
2008.03.21 05:05:02.267,2.004,2.0052,0.30,0.40
2008.03.21 05:05:02.433,2.004,2.0052,0.30,0.40
2008.03.21 05:05:02.636,2.004,2.0052,0.30,0.40
2008.03.21 05:05:02.841,2.004,2.0052,0.30,0.40
2008.03.21 05:05:03.207,2.004,2.0052,0.30,0.40
2008.03.21 05:05:03.536,2.004,2.0052,0.30,0.40
2008.03.21 05:05:03.864,2.004,2.0052,0.30,0.40
2008.03.21 05:05:04.079,2.004,2.0052,0.30,0.40
2008.03.21 05:05:04.292,2.004,2.0052,0.30,0.40
2008.03.21 05:05:04.506,2.004,2.0052,0.30,0.40
2008.03.21 05:05:04.720,2.004,2.0052,0.30,0.40
2008.03.21 05:05:04.935,2.004,2.0052,0.30,0.40
2008.03.21 05:05:05.249,2.004,2.0052,0.30,0.40
2008.03.21 05:05:05.563,2.004,2.0052,0.30,0.40
2008.03.21 05:05:05.877,2.004,2.0052,0.30,0.40
2008.03.21 05:05:06.249,2.004,2.0052,0.30,0.40
2008.03.21 05:05:06.582,2.004,2.0052,0.30,0.40
2008.03.21 05:05:06.915,2.004,2.0052,0.30,0.40
2008.03.21 05:05:07.128,2.004,2.0052,0.30,0.40
2008.03.21 05:05:07.343,2.004,2.0052,0.30,0.40
2008.03.21 05:05:07.598,2.004,2.0052,0.30,0.40
2008.03.21 05:05:07.809,2.004,2.0052,0.30,0.40
2008.03.21 05:05:08.021,2.004,2.0052,0.30,0.40
2008.03.21 05:05:08.325,2.004,2.0052,0.30,0.40
2008.03.21 05:05:08.629,2.004,2.0052,0.30,0.40
2008.03.21 05:05:08.933,2.004,2.0052,0.30,0.40
2008.03.21 05:05:09.167,2.004,2.0052,0.30,0.40
2008.03.21 05:05:09.400,2.004,2.0052,0.30,0.40
2008.03.21 05:05:09.634,2.004,2.0052,0.30,0.40
2008.03.21 05:05:09.904,2.004,2.0052,0.30,0.40
2008.03.21 05:05:10.193,2.004,2.0052,0.30,1.10
2008.03.21 05:05:10.482,2.004,2.0051,0.30,0.40
2008.03.21 05:05:10.771,2.004,2.0051,0.30,0.40
2008.03.21 05:05:11.061,2.004,2.0051,0.30,0.40
2008.03.21 05:05:11.395,2.004,2.0051,0.30,0.40
2008.03.21 05:05:11.730,2.004,2.0051,0.30,0.40
2008.03.21 05:05:12.063,2.004,2.0051,0.30,0.40
2008.03.21 05:05:12.277,2.004,2.0051,0.30,0.40
2008.03.21 05:05:12.491,2.004,2.0051,0.30,0.40
2008.03.21 05:05:12.706,2.004,2.0051,0.30,0.40
2008.03.21 05:05:12.920,2.004,2.0051,0.30,0.40
2008.03.21 05:05:13.224,2.004,2.0051,0.30,0.40
2008.03.21 05:05:13.534,2.004,2.0051,0.30,0.40
2008.03.21 05:05:13.877,2.004,2.0048,0.30,0.80
2008.03.21 05:05:14.142,2.0038,2.0048,2.40,0.80
2008.03.21 05:05:14.376,2.0038,2.0048,0.30,0.80
2008.03.21 05:05:14.604,2.0038,2.0048,0.30,0.80
2008.03.21 05:05:14.832,2.0038,2.0048,0.30,0.80
2008.03.21 05:05:15.090,2.0038,2.0048,0.30,0.80
2008.03.21 05:05:15.406,2.0038,2.0048,0.30,0.80
2008.03.21 05:05:15.721,2.0038,2.0048,0.30,0.80
2008.03.21 05:05:16.034,2.0038,2.0048,0.30,0.80
2008.03.21 05:05:16.353,2.0038,2.0048,0.30,0.80
2008.03.21 05:05:16.672,2.0038,2.0048,0.30,0.80
2008.03.21 05:05:17.028,2.0038,2.0048,0.30,0.80
2008.03.21 05:05:17.352,2.0038,2.0048,0.30,0.80
2008.03.21 05:05:17.575,2.0038,2.0048,0.30,0.80
2008.03.21 05:05:17.800,2.0038,2.0048,0.30,0.80
2008.03.21 05:05:18.024,2.0038,2.0048,0.30,0.80
2008.03.21 05:05:18.261,2.0038,2.0048,0.30,0.80
2008.03.21 05:05:18.575,2.0038,2.0048,0.30,0.80
2008.03.21 05:05:18.890,2.0038,2.0048,0.30,0.80
2008.03.21 05:05:19.203,2.0038,2.0048,0.30,0.80
2008.03.21 05:05:19.417,2.0038,2.0048,0.30,0.80
2008.03.21 05:05:19.665,2.0038,2.0048,0.30,0.80
2008.03.21 05:05:19.879,2.0038,2.0048,0.30,0.80
2008.03.21 05:05:20.091,2.0038,2.0048,0.30,0.80
2008.03.21 05:05:20.425,2.0038,2.0048,0.30,0.80
2008.03.21 05:05:20.759,2.0038,2.0048,0.30,0.80
2008.03.21 05:05:21.093,2.0038,2.0048,0.30,0.80
2008.03.21 05:05:21.426,2.0038,2.0048,0.30,0.80
2008.03.21 05:05:21.677,2.0038,2.0048,0.30,0.80
2008.03.21 05:05:21.887,2.0038,2.0048,0.30,0.80
2008.03.21 05:05:22.096,2.0038,2.0048,0.30,0.80
2008.03.21 05:05:22.406,2.0038,2.0048,0.30,0.80
2008.03.21 05:05:22.715,2.0038,2.0048,0.30,0.80
2008.03.21 05:05:23.061,2.0038,2.0048,0.30,0.80
2008.03.21 05:05:23.372,2.0038,2.0048,0.30,0.80
2008.03.21 05:05:23.618,2.0038,2.0048,0.30,0.80
2008.03.21 05:05:23.861,2.0038,2.0048,0.30,0.80
2008.03.21 05:05:24.104,2.0038,2.0048,0.30,0.80
2008.03.21 05:05:24.386,2.0038,2.0048,0.30,0.80
2008.03.21 05:05:24.655,2.0038,2.0048,0.30,0.80
2008.03.21 05:05:24.923,2.0038,2.0048,0.30,0.80
2008.03.21 05:05:25.192,2.0038,2.0048,0.30,0.80
2008.03.21 05:05:25.525,2.0038,2.0048,0.30,0.80
2008.03.21 05:05:25.858,2.0038,2.0048,0.30,0.80
2008.03.21 05:05:26.231,2.0038,2.0048,0.30,0.80
2008.03.21 05:05:26.429,2.0038,2.0048,0.30,0.80
2008.03.21 05:05:26.628,2.0038,2.0048,0.30,0.80
2008.03.21 05:05:26.828,2.0038,2.0048,0.30,0.80
2008.03.21 05:05:27.067,2.0038,2.0048,0.30,0.80
2008.03.21 05:05:27.265,2.0038,2.0048,0.30,0.80
2008.03.21 05:05:27.600,2.0038,2.0048,0.30,0.80
2008.03.21 05:05:27.934,2.0038,2.0048,0.30,0.80
2008.03.21 05:05:28.269,2.0038,2.0048,0.30,0.80
2008.03.21 05:05:28.523,2.0038,2.0048,0.30,0.80
2008.03.21 05:05:28.736,2.0038,2.0048,0.30,0.80
2008.03.21 05:05:28.950,2.0038,2.0048,0.30,0.80
2008.03.21 05:05:29.164,2.0038,2.0048,0.30,0.80
2008.03.21 05:05:29.394,2.0038,2.0048,0.30,0.80
2008.03.21 05:05:29.749,2.0038,2.0048,0.30,0.80
2008.03.21 05:05:30.071,2.0038,2.0048,0.30,0.80
2008.03.21 05:05:30.425,2.0038,2.0048,0.30,0.80
2008.03.21 05:05:30.723,2.0038,2.0048,0.30,0.80
2008.03.21 05:05:31.059,2.0038,2.0048,0.30,0.80
2008.03.21 05:05:31.393,2.0038,2.0048,0.30,0.80
2008.03.21 05:05:31.646,2.0038,2.0048,0.30,0.80
2008.03.21 05:05:31.860,2.0038,2.0048,0.30,0.80
2008.03.21 05:05:32.074,2.0038,2.0048,0.30,0.80
2008.03.21 05:05:32.288,2.0038,2.0048,0.30,0.80
2008.03.21 05:05:32.501,2.0038,2.0048,0.30,0.80
2008.03.21 05:05:32.817,2.0038,2.0048,0.30,0.80
2008.03.21 05:05:33.132,2.0038,2.0048,0.30,0.80
2008.03.21 05:05:33.445,2.0038,2.0048,0.30,0.80
2008.03.21 05:05:33.664,2.0038,2.0048,0.30,0.80
2008.03.21 05:05:33.922,2.0039,2.00495,0.30,0.40
2008.03.21 05:05:34.182,2.0039,2.005,0.30,1.50
2008.03.21 05:05:34.361,2.0039,2.005,0.30,1.50
2008.03.21 05:05:34.580,2.0039,2.005,0.30,1.50
2008.03.21 05:05:34.889,2.0039,2.005,0.30,1.50
2008.03.21 05:05:35.198,2.0039,2.005,0.30,1.50
2008.03.21 05:05:35.545,2.0039,2.0047,0.30,0.80
2008.03.21 05:05:35.918,2.0039,2.0047,0.30,0.80
2008.03.21 05:05:36.210,2.0039,2.0047,0.30,0.80
2008.03.21 05:05:36.545,2.0039,2.0047,0.30,0.80
2008.03.21 05:05:36.759,2.0039,2.0047,0.30,0.80
2008.03.21 05:05:36.992,2.0039,2.0047,0.30,0.80
2008.03.21 05:05:37.205,2.0039,2.0047,0.30,0.80
2008.03.21 05:05:37.419,2.0039,2.0047,0.30,0.80
2008.03.21 05:05:37.707,2.0039,2.0047,0.30,0.80
2008.03.21 05:05:37.997,2.0039,2.0047,0.30,0.80
2008.03.21 05:05:38.287,2.0039,2.0047,0.30,0.80
2008.03.21 05:05:38.577,2.0039,2.0047,0.30,0.80
2008.03.21 05:05:38.832,2.0039,2.0048,0.30,0.80
2008.03.21 05:05:39.088,2.0039,2.0048,0.30,0.80
2008.03.21 05:05:39.341,2.0039,2.0048,0.30,0.80
2008.03.21 05:05:39.628,2.0039,2.0048,0.30,0.80
2008.03.21 05:05:39.887,2.0039,2.0048,0.30,0.80
2008.03.21 05:05:40.146,2.0039,2.0048,0.30,0.80
2008.03.21 05:05:40.405,2.0039,2.0048,0.30,0.80
2008.03.21 05:05:40.664,2.0039,2.0048,0.30,0.80
2008.03.21 05:05:40.999,2.0039,2.0048,0.30,0.80
2008.03.21 05:05:41.333,2.0039,2.0048,0.30,0.80
2008.03.21 05:05:41.667,2.0039,2.0048,0.30,0.80
2008.03.21 05:05:41.872,2.0039,2.0048,0.30,0.80
2008.03.21 05:05:42.075,2.0039,2.0048,0.30,0.80
2008.03.21 05:05:42.308,2.0039,2.0048,0.30,0.80
2008.03.21 05:05:42.512,2.0039,2.0048,0.30,0.80
2008.03.21 05:05:42.716,2.0039,2.0048,0.30,0.80
2008.03.21 05:05:43.044,2.0039,2.0048,0.30,0.80
2008.03.21 05:05:43.373,2.0039,2.0048,0.30,0.80
2008.03.21 05:05:43.701,2.0039,2.0048,0.30,0.80
2008.03.21 05:05:43.909,2.0039,2.0048,0.30,0.80
2008.03.21 05:05:44.128,2.0039,2.0048,0.30,0.80
2008.03.21 05:05:44.338,2.0039,2.0048,0.30,0.80
2008.03.21 05:05:44.547,2.0039,2.0048,0.30,0.80
2008.03.21 05:05:44.758,2.0039,2.0048,0.30,0.80
2008.03.21 05:05:45.106,2.0039,2.0048,0.30,0.80
2008.03.21 05:05:45.472,2.0039,2.0048,0.30,0.80
2008.03.21 05:05:45.838,2.0039,2.0048,0.30,0.80
2008.03.21 05:05:46.130,2.0039,2.0048,0.30,0.80
2008.03.21 05:05:46.459,2.0039,2.0048,0.30,0.80
2008.03.21 05:05:46.788,2.0039,2.0048,0.30,0.80
2008.03.21 05:05:47.029,2.0039,2.0048,0.30,0.80
2008.03.21 05:05:47.234,2.0039,2.0048,0.30,0.80
2008.03.21 05:05:47.438,2.0039,2.0048,0.30,0.80
2008.03.21 05:05:47.643,2.0039,2.0048,0.30,0.80
2008.03.21 05:05:47.866,2.0039,2.0048,0.30,0.80
2008.03.21 05:05:48.237,2.0039,2.0048,0.30,0.80
2008.03.21 05:05:48.531,2.0039,2.0048,0.30,0.80
2008.03.21 05:05:48.865,2.0039,2.0048,0.30,0.80
2008.03.21 05:05:49.093,2.0039,2.0048,0.30,0.80
2008.03.21 05:05:49.322,2.0039,2.0048,0.30,0.80
2008.03.21 05:05:49.551,2.0039,2.0048,0.30,0.80
2008.03.21 05:05:49.778,2.0039,2.0048,0.30,0.80
2008.03.21 05:05:50.170,2.0039,2.0048,0.30,0.80
2008.03.21 05:05:50.462,2.0039,2.0048,0.30,0.80
2008.03.21 05:05:50.756,2.0039,2.0048,0.30,0.80
2008.03.21 05:05:51.050,2.0039,2.0048,0.30,0.80
2008.03.21 05:05:51.383,2.0039,2.0048,0.30,0.80
2008.03.21 05:05:51.719,2.0039,2.0048,0.30,0.80
2008.03.21 05:05:52.076,2.0039,2.0048,0.30,0.80
2008.03.21 05:05:52.335,2.0039,2.0048,0.30,0.80
2008.03.21 05:05:52.512,2.0039,2.0048,0.30,0.80
2008.03.21 05:05:52.731,2.0039,2.0048,0.30,0.80
2008.03.21 05:05:52.950,2.0039,2.0048,0.30,0.80
2008.03.21 05:05:53.267,2.0039,2.0048,0.30,0.80
2008.03.21 05:05:53.582,2.0039,2.0048,0.30,0.80
2008.03.21 05:05:53.895,2.0039,2.0048,0.30,0.80
2008.03.21 05:05:54.130,2.0039,2.0048,0.30,0.80
2008.03.21 05:05:54.364,2.0039,2.0048,0.30,0.80
2008.03.21 05:05:54.634,2.0039,2.0048,0.30,0.80
2008.03.21 05:05:54.867,2.0039,2.0048,0.30,0.80
2008.03.21 05:05:55.141,2.0039,2.0048,0.30,0.80
2008.03.21 05:05:55.414,2.0039,2.0048,0.30,0.80
2008.03.21 05:05:55.688,2.0039,2.0048,0.30,0.80
2008.03.21 05:05:55.964,2.0039,2.0048,0.30,0.80
2008.03.21 05:05:57.905,2.0039,2.0048,0.30,0.80
2008.03.21 05:05:57.960,2.0039,2.0048,0.30,0.80
2008.03.21 05:05:58.021,2.0039,2.0048,0.30,0.80
2008.03.21 05:05:58.119,2.0039,2.0048,0.30,0.80
2008.03.21 05:05:58.182,2.0039,2.0048,0.30,0.80
2008.03.21 05:05:58.271,2.0039,2.0048,0.30,0.80
2008.03.21 05:05:58.383,2.0039,2.0048,0.30,0.80
2008.03.21 05:05:58.486,2.0039,2.0048,0.30,0.80
2008.03.21 05:05:58.592,2.0039,2.0048,0.30,0.80
2008.03.21 05:05:58.709,2.0039,2.0048,0.30,0.80
2008.03.21 05:05:58.843,2.0039,2.0048,0.30,0.80
2008.03.21 05:05:58.957,2.0039,2.0048,0.30,0.80
2008.03.21 05:05:59.331,2.0039,2.0048,0.30,0.80
2008.03.21 05:05:59.687,2.0039,2.0048,0.30,0.80
2008.03.21 05:06:00.066,2.0039,2.0048,0.30,0.80
2008.03.21 05:06:00.301,2.0039,2.0048,0.30,0.80
2008.03.21 05:06:00.527,2.0039,2.0048,0.30,0.80
2008.03.21 05:06:00.750,2.0039,2.0048,0.30,0.80
2008.03.21 05:06:00.974,2.0039,2.0048,0.30,0.80
2008.03.21 05:06:01.309,2.0039,2.0048,0.30,0.80
2008.03.21 05:06:01.678,2.0039,2.0048,0.30,0.80
2008.03.21 05:06:02.052,2.0039,2.0048,0.30,0.80
2008.03.21 05:06:02.270,2.0039,2.0048,0.30,0.80
2008.03.21 05:06:02.489,2.0039,2.0048,0.30,0.80
2008.03.21 05:06:02.708,2.0039,2.0048,0.30,0.80
2008.03.21 05:06:02.940,2.0039,2.0048,0.30,0.80
2008.03.21 05:06:03.278,2.0039,2.0048,0.30,0.80
2008.03.21 05:06:03.576,2.0039,2.0048,0.30,0.80
2008.03.21 05:06:03.876,2.0039,2.0048,0.30,0.80
2008.03.21 05:06:04.174,2.0039,2.0048,0.30,0.80
2008.03.21 05:06:04.419,2.0039,2.0048,0.30,0.80
2008.03.21 05:06:04.699,2.0039,2.0048,0.30,0.80
2008.03.21 05:06:04.942,2.0039,2.0048,0.30,0.80
2008.03.21 05:06:05.188,2.0039,2.0048,0.30,0.80
2008.03.21 05:06:05.461,2.0039,2.0048,0.30,0.80
2008.03.21 05:06:05.734,2.0039,2.0048,0.30,0.80
2008.03.21 05:06:06.008,2.0039,2.0048,0.30,0.80
2008.03.21 05:06:06.282,2.0039,2.0048,0.30,0.80
2008.03.21 05:06:06.615,2.0039,2.0048,0.30,0.80
2008.03.21 05:06:06.948,2.0039,2.0048,0.30,0.80
2008.03.21 05:06:07.282,2.0039,2.0048,0.30,0.80
2008.03.21 05:06:07.497,2.0039,2.0048,0.30,0.80
2008.03.21 05:06:07.750,2.0039,2.0048,0.30,0.80
2008.03.21 05:06:07.962,2.0039,2.0048,0.30,0.80
2008.03.21 05:06:08.175,2.0039,2.0048,0.30,0.80
2008.03.21 05:06:08.484,2.0039,2.0048,0.30,0.80
2008.03.21 05:06:08.792,2.0039,2.0048,0.30,0.80
2008.03.21 05:06:09.138,2.0039,2.0048,0.30,0.80
2008.03.21 05:06:09.333,2.0039,2.0048,0.30,0.80
2008.03.21 05:06:09.567,2.0039,2.0048,0.30,0.80
2008.03.21 05:06:09.800,2.0039,2.0048,0.30,0.80
2008.03.21 05:06:10.033,2.0039,2.0048,0.30,0.80
2008.03.21 05:06:10.283,2.0039,2.0048,0.30,0.80
2008.03.21 05:06:10.587,2.0039,2.0048,0.30,0.80
2008.03.21 05:06:10.891,2.0039,2.0048,0.30,0.80
2008.03.21 05:06:11.195,2.0039,2.0048,0.30,0.80
2008.03.21 05:06:11.530,2.0039,2.0048,0.30,0.80
2008.03.21 05:06:11.864,2.0039,2.0048,0.30,0.80
2008.03.21 05:06:12.198,2.0039,2.0048,0.30,0.80
2008.03.21 05:06:12.420,2.0039,2.0048,0.30,0.80
2008.03.21 05:06:12.639,2.0039,2.0048,0.30,0.80
2008.03.21 05:06:12.857,2.0039,2.0048,0.30,0.80
2008.03.21 05:06:13.111,2.0039,2.0048,0.30,0.80
2008.03.21 05:06:13.331,2.0039,2.0048,0.30,0.80
2008.03.21 05:06:13.636,2.0039,2.0048,0.30,0.80
2008.03.21 05:06:13.982,2.0039,2.0048,0.30,0.80
2008.03.21 05:06:14.286,2.0039,2.0048,0.30,0.80
2008.03.21 05:06:14.510,2.0039,2.0048,0.30,0.80
2008.03.21 05:06:14.735,2.0039,2.0048,0.30,0.80
2008.03.21 05:06:14.973,2.0039,2.0048,0.30,0.80
2008.03.21 05:06:15.237,2.0039,2.0048,0.30,0.80
2008.03.21 05:06:15.570,2.0039,2.0048,0.30,0.80
2008.03.21 05:06:15.906,2.0039,2.0048,0.30,0.80
2008.03.21 05:06:16.237,2.0039,2.0048,0.30,0.80
2008.03.21 05:06:16.451,2.0039,2.0048,0.30,0.80
2008.03.21 05:06:16.703,2.0039,2.0048,0.30,0.80
2008.03.21 05:06:16.878,2.0039,2.0048,0.30,0.80
2008.03.21 05:06:17.092,2.0039,2.0048,0.30,0.80
2008.03.21 05:06:17.306,2.0039,2.0048,0.30,0.80
2008.03.21 05:06:17.643,2.0039,2.0048,0.30,0.80
2008.03.21 05:06:17.942,2.0037,2.0048,0.30,1.10
2008.03.21 05:06:18.242,2.0037,2.0048,0.30,1.10
2008.03.21 05:06:18.540,2.0037,2.0048,0.30,1.10
2008.03.21 05:06:18.784,2.0037,2.0048,0.30,1.10
2008.03.21 05:06:19.029,2.0037,2.0048,0.30,1.10
2008.03.21 05:06:19.311,2.0037,2.0048,0.30,1.10
2008.03.21 05:06:19.584,2.0037,2.0048,0.30,1.10
2008.03.21 05:06:19.857,2.0037,2.0048,0.30,1.10
2008.03.21 05:06:20.131,2.0037,2.0048,0.30,1.10
2008.03.21 05:06:20.403,2.0037,2.0048,0.30,1.10
2008.03.21 05:06:20.738,2.0037,2.0048,0.30,1.10
2008.03.21 05:06:21.071,2.0037,2.0048,0.30,1.10
2008.03.21 05:06:21.404,2.0037,2.0048,0.30,1.10
2008.03.21 05:06:21.614,2.0037,2.0048,0.30,1.10
2008.03.21 05:06:21.822,2.0037,2.0048,0.30,1.10
2008.03.21 05:06:22.030,2.0037,2.0048,0.30,1.10
2008.03.21 05:06:22.238,2.0037,2.0048,0.30,1.10
2008.03.21 05:06:22.447,2.0037,2.0048,0.30,1.10
2008.03.21 05:06:22.776,2.0037,2.0048,0.30,1.10
2008.03.21 05:06:23.090,2.0037,2.0048,0.30,1.10
2008.03.21 05:06:23.405,2.0037,2.0048,0.30,1.10
2008.03.21 05:06:23.629,2.0037,2.0048,0.30,1.10
2008.03.21 05:06:23.862,2.0037,2.0048,0.30,1.10
2008.03.21 05:06:24.088,2.0037,2.0048,0.30,1.10
2008.03.21 05:06:24.312,2.0037,2.0048,0.30,1.10
2008.03.21 05:06:24.534,2.0037,2.0048,0.30,1.10
2008.03.21 05:06:24.843,2.0037,2.0048,0.30,1.10
2008.03.21 05:06:25.161,2.0037,2.0048,0.30,1.10
2008.03.21 05:06:25.508,2.0037,2.0048,0.30,1.10
2008.03.21 05:06:25.802,2.0037,2.0048,0.30,1.10
2008.03.21 05:06:26.142,2.0037,2.0048,0.30,1.10
2008.03.21 05:06:26.476,2.0037,2.0048,0.30,1.10
2008.03.21 05:06:26.717,2.0037,2.0048,0.30,1.10
2008.03.21 05:06:26.929,2.0037,2.0048,0.30,1.10
2008.03.21 05:06:27.144,2.0037,2.0048,0.30,1.10
2008.03.21 05:06:27.358,2.0037,2.0048,0.30,1.10
2008.03.21 05:06:27.611,2.0037,2.0048,0.30,1.10
2008.03.21 05:06:27.936,2.0037,2.0048,0.30,1.10
2008.03.21 05:06:28.258,2.0037,2.0048,0.30,1.10
2008.03.21 05:06:28.582,2.0037,2.0048,0.30,1.10
2008.03.21 05:06:28.790,2.0037,2.0048,0.30,1.10
2008.03.21 05:06:29.039,2.0037,2.0048,0.30,1.10
2008.03.21 05:06:29.247,2.0037,2.0048,0.30,1.10
2008.03.21 05:06:29.456,2.0037,2.0048,0.30,1.10
2008.03.21 05:06:29.664,2.0037,2.0048,0.30,1.10
2008.03.21 05:06:29.988,2.0037,2.0048,0.30,1.10
2008.03.21 05:06:30.314,2.0037,2.0048,0.30,1.10
2008.03.21 05:06:30.627,2.0037,2.0048,0.30,1.10
2008.03.21 05:06:30.961,2.0037,2.0048,0.30,1.10
2008.03.21 05:06:31.295,2.0037,2.0048,0.30,1.10
2008.03.21 05:06:31.628,2.0037,2.0048,0.30,1.10
2008.03.21 05:06:31.875,2.0037,2.0048,0.30,1.10
2008.03.21 05:06:32.046,2.0037,2.0048,0.30,1.10
2008.03.21 05:06:32.255,2.0037,2.0048,0.30,1.10
2008.03.21 05:06:32.462,2.0037,2.0048,0.30,1.10
2008.03.21 05:06:32.671,2.0037,2.0048,0.30,1.10
2008.03.21 05:06:32.985,2.0037,2.0048,0.30,1.10
2008.03.21 05:06:33.298,2.0037,2.0048,0.30,1.10
2008.03.21 05:06:33.612,2.0037,2.0048,0.30,1.10
2008.03.21 05:06:33.859,2.0037,2.0048,0.30,1.10
2008.03.21 05:06:34.081,2.0037,2.0048,0.30,1.10
2008.03.21 05:06:34.306,2.0037,2.0048,0.30,1.10
2008.03.21 05:06:34.530,2.0037,2.0048,0.30,1.10
2008.03.21 05:06:34.772,2.0037,2.0048,0.30,1.10
2008.03.21 05:06:35.087,2.0037,2.0048,0.30,1.10
2008.03.21 05:06:35.401,2.0037,2.0048,0.30,1.10
2008.03.21 05:06:35.716,2.0037,2.0048,0.30,1.10
2008.03.21 05:06:36.050,2.0037,2.0048,0.30,1.10
2008.03.21 05:06:36.385,2.0037,2.0048,0.30,1.10
2008.03.21 05:06:36.754,2.0037,2.0048,0.30,1.10
2008.03.21 05:06:36.967,2.0037,2.0048,0.30,1.10
2008.03.21 05:06:37.180,2.0037,2.0048,0.30,1.10
2008.03.21 05:06:37.397,2.0037,2.0048,0.30,1.10
2008.03.21 05:06:37.646,2.0037,2.0048,0.30,1.10
2008.03.21 05:06:37.861,2.0037,2.0048,0.30,1.10
2008.03.21 05:06:38.160,2.0037,2.0048,0.30,0.80
2008.03.21 05:06:38.460,2.0038,2.0048,0.30,0.80
2008.03.21 05:06:38.758,2.0038,2.0048,0.30,0.80
2008.03.21 05:06:39.032,2.0037,2.0048,0.30,1.10
2008.03.21 05:06:39.265,2.0037,2.0048,0.30,1.10
2008.03.21 05:06:39.499,2.0037,2.0048,0.30,1.10
2008.03.21 05:06:39.733,2.0037,2.0048,0.30,1.10
2008.03.21 05:06:40.027,2.0037,2.0048,0.30,1.10
2008.03.21 05:06:40.320,2.0037,2.0048,0.30,1.10
2008.03.21 05:06:40.614,2.0037,2.0048,0.30,1.10
2008.03.21 05:06:40.908,2.0037,2.0048,0.30,1.10
2008.03.21 05:06:41.242,2.0037,2.0048,0.30,1.10
2008.03.21 05:06:41.575,2.0037,2.0048,0.30,1.10
2008.03.21 05:06:41.908,2.0037,2.0048,0.30,1.10
2008.03.21 05:06:42.111,2.0037,2.0048,0.30,1.10
2008.03.21 05:06:42.315,2.0037,2.0048,0.30,1.10
2008.03.21 05:06:42.519,2.0037,2.0048,0.30,1.10
2008.03.21 05:06:42.741,2.0037,2.0048,0.30,1.10
2008.03.21 05:06:42.944,2.0037,2.0048,0.30,1.10
2008.03.21 05:06:43.267,2.0037,2.0048,0.30,1.10
2008.03.21 05:06:43.596,2.0037,2.0048,0.30,1.10
2008.03.21 05:06:43.919,2.0037,2.0048,0.30,1.10
2008.03.21 05:06:44.132,2.0037,2.0048,0.30,1.10
2008.03.21 05:06:44.348,2.0037,2.0048,0.30,1.10
2008.03.21 05:06:44.593,2.0037,2.0048,0.30,1.10
2008.03.21 05:06:44.813,2.0037,2.0048,0.30,1.10
2008.03.21 05:06:45.258,2.0037,2.0048,0.30,1.10
2008.03.21 05:06:45.585,2.0037,2.0048,0.30,1.10
2008.03.21 05:06:45.909,2.0037,2.0048,0.30,1.10
2008.03.21 05:06:46.238,2.0037,2.0048,0.30,1.10
2008.03.21 05:06:46.567,2.0037,2.0048,0.30,1.10
2008.03.21 05:06:46.895,2.0037,2.0048,0.30,1.10
2008.03.21 05:06:47.143,2.0037,2.0048,0.30,1.10
2008.03.21 05:06:47.351,2.0037,2.0048,0.30,1.10
2008.03.21 05:06:47.560,2.0037,2.0048,0.30,1.10
2008.03.21 05:06:47.769,2.0037,2.0048,0.30,1.10
2008.03.21 05:06:47.978,2.0037,2.0048,0.30,1.10
2008.03.21 05:06:48.349,2.0037,2.0048,0.30,1.10
2008.03.21 05:06:48.646,2.0037,2.0048,0.30,1.10
2008.03.21 05:06:48.980,2.0037,2.0048,1.00,0.40
2008.03.21 05:06:49.196,2.0037,2.0049,11.00,0.80
2008.03.21 05:06:49.411,2.0042,2.005,0.30,0.80
2008.03.21 05:06:49.661,2.0042,2.005,0.30,0.80
2008.03.21 05:06:49.874,2.0042,2.005,0.30,0.80
2008.03.21 05:06:50.088,2.0042,2.005,0.30,0.80
2008.03.21 05:06:50.391,2.0042,2.005,0.30,0.80
2008.03.21 05:06:50.694,2.0042,2.005,0.30,0.80
2008.03.21 05:06:50.999,2.0042,2.005,0.30,0.80
2008.03.21 05:06:51.361,2.004,2.005,2.20,0.80
2008.03.21 05:06:51.731,2.0037,2.005,0.30,0.80
2008.03.21 05:06:52.102,2.0037,2.005,0.30,0.80
2008.03.21 05:06:52.289,2.0037,2.005,0.30,0.80
2008.03.21 05:06:52.513,2.0037,2.005,0.30,0.80
2008.03.21 05:06:52.743,2.0037,2.005,0.30,0.80
2008.03.21 05:06:52.967,2.0037,2.005,0.30,0.80
2008.03.21 05:06:53.189,2.0037,2.005,0.30,0.80
2008.03.21 05:06:53.469,2.0037,2.005,0.30,0.80
2008.03.21 05:06:53.747,2.0037,2.005,0.30,0.80
2008.03.21 05:06:54.065,2.0037,2.005,0.30,0.80
2008.03.21 05:06:54.290,2.0037,2.005,0.30,0.80
2008.03.21 05:06:54.553,2.0037,2.005,0.30,0.80
2008.03.21 05:06:54.817,2.0037,2.005,0.30,0.80
2008.03.21 05:06:55.081,2.0037,2.005,0.30,0.80
2008.03.21 05:06:55.377,2.0037,2.005,0.30,0.80
2008.03.21 05:06:55.640,2.0037,2.005,0.30,0.80
2008.03.21 05:06:55.904,2.0037,2.005,0.30,0.80
2008.03.21 05:06:56.168,2.0037,2.005,0.30,0.80
2008.03.21 05:06:56.502,2.0037,2.005,0.30,0.80
2008.03.21 05:06:56.875,2.0037,2.005,0.30,0.80
2008.03.21 05:06:57.208,2.0037,2.005,0.30,0.80
2008.03.21 05:06:57.422,2.0037,2.005,0.30,1.10
2008.03.21 05:06:57.636,2.0037,2.0048,0.30,0.80
2008.03.21 05:06:57.853,2.0037,2.0048,0.30,0.80
2008.03.21 05:06:58.067,2.0037,2.0048,0.30,0.80
2008.03.21 05:06:58.317,2.0038,2.0048,0.30,0.80
2008.03.21 05:06:58.595,2.0038,2.0048,0.30,0.80
2008.03.21 05:06:58.907,2.0038,2.0048,0.30,0.80
2008.03.21 05:06:59.221,2.0038,2.0048,0.30,0.80
2008.03.21 05:06:59.450,2.0038,2.0048,0.30,0.80
2008.03.21 05:06:59.710,2.0038,2.0048,0.30,0.80
2008.03.21 05:06:59.939,2.0038,2.0048,0.30,1.20
2008.03.21 05:07:00.173,2.0038,2.0048,0.30,1.20
2008.03.21 05:07:00.486,2.0038,2.0048,0.30,1.20
2008.03.21 05:07:00.800,2.0038,2.0048,0.30,1.20
2008.03.21 05:07:01.113,2.0038,2.0048,0.30,1.20
2008.03.21 05:07:01.464,2.0038,2.0048,0.30,1.20
2008.03.21 05:07:01.760,2.0038,2.0048,0.30,1.20
2008.03.21 05:07:02.093,2.0038,2.0048,0.30,1.20
2008.03.21 05:07:02.429,2.0038,2.0047,0.30,0.80
2008.03.21 05:07:02.632,2.0038,2.0047,0.30,0.80
2008.03.21 05:07:02.863,2.0038,2.0047,0.30,0.80
2008.03.21 05:07:03.067,2.0038,2.0047,0.30,0.80
2008.03.21 05:07:03.271,2.0038,2.0047,0.30,0.80
2008.03.21 05:07:03.585,2.0038,2.0047,0.30,0.80
2008.03.21 05:07:03.899,2.0038,2.0047,0.30,0.80
2008.03.21 05:07:04.212,2.0038,2.0047,0.30,0.80
2008.03.21 05:07:04.541,2.0038,2.0047,0.30,0.80
2008.03.21 05:07:04.814,2.0038,2.0047,0.30,0.80
2008.03.21 05:07:05.008,2.0038,2.0047,0.30,0.80
2008.03.21 05:07:05.245,2.0038,2.0047,0.30,0.80
2008.03.21 05:07:05.578,2.0038,2.0047,0.30,0.80
2008.03.21 05:07:05.913,2.0038,2.0047,0.30,0.80
2008.03.21 05:07:06.287,2.0038,2.0047,0.30,0.80
2008.03.21 05:07:06.460,2.0038,2.0047,0.30,0.80
2008.03.21 05:07:06.676,2.0038,2.0047,0.30,0.80
2008.03.21 05:07:06.890,2.0038,2.0047,0.30,0.80
2008.03.21 05:07:07.106,2.0039,2.0047,0.30,0.80
2008.03.21 05:07:07.319,2.0039,2.0047,0.30,0.80
2008.03.21 05:07:07.644,2.0039,2.0047,0.30,0.80
2008.03.21 05:07:07.968,2.0039,2.0047,0.30,0.80
2008.03.21 05:07:08.292,2.0039,2.0047,0.30,0.80
2008.03.21 05:07:08.536,2.0039,2.0047,0.30,0.80
2008.03.21 05:07:08.745,2.0039,2.0047,0.30,0.80
2008.03.21 05:07:08.954,2.0039,2.0047,0.30,0.80
2008.03.21 05:07:09.162,2.0039,2.0047,0.30,0.80
2008.03.21 05:07:09.370,2.0039,2.0047,0.30,0.80
2008.03.21 05:07:09.688,2.0039,2.0047,0.30,0.80
2008.03.21 05:07:10.006,2.0039,2.0047,0.30,0.80
2008.03.21 05:07:10.324,2.0039,2.0047,0.30,0.80
2008.03.21 05:07:10.658,2.0039,2.0047,0.30,0.80
2008.03.21 05:07:10.992,2.0039,2.0047,0.30,0.80
2008.03.21 05:07:11.326,2.0039,2.0047,0.30,0.80
2008.03.21 05:07:11.550,2.0039,2.0047,0.30,0.80
2008.03.21 05:07:11.773,2.0039,2.0047,0.30,0.80
2008.03.21 05:07:11.997,2.0039,2.0047,0.30,0.80
2008.03.21 05:07:12.220,2.0039,2.0047,0.30,0.80
2008.03.21 05:07:12.444,2.0039,2.0047,0.30,0.80
2008.03.21 05:07:12.738,2.0039,2.0047,0.30,0.80
2008.03.21 05:07:13.047,2.0039,2.0047,0.30,0.80
2008.03.21 05:07:13.341,2.0039,2.0047,0.30,0.80
2008.03.21 05:07:13.635,2.0039,2.0047,0.30,0.80
2008.03.21 05:07:13.880,2.0039,2.0047,0.30,0.80
2008.03.21 05:07:14.137,2.0039,2.0047,0.30,0.80
2008.03.21 05:07:14.381,2.0039,2.0047,0.30,0.80
2008.03.21 05:07:14.625,2.0039,2.0047,0.30,0.80
2008.03.21 05:07:14.920,2.0039,2.0047,0.30,0.80
2008.03.21 05:07:15.259,2.0039,2.0047,0.30,0.80
2008.03.21 05:07:15.552,2.0039,2.0047,0.30,0.80
2008.03.21 05:07:15.885,2.0039,2.0047,0.30,0.80
2008.03.21 05:07:16.220,2.0039,2.0047,0.30,0.80
2008.03.21 05:07:16.557,2.0039,2.0047,0.30,0.80
2008.03.21 05:07:16.771,2.0039,2.0047,0.30,0.80
2008.03.21 05:07:16.984,2.0039,2.0047,0.30,0.80
2008.03.21 05:07:17.198,2.0039,2.0047,0.30,0.80
2008.03.21 05:07:17.444,2.0039,2.0047,0.30,0.80
2008.03.21 05:07:17.657,2.0039,2.0047,0.30,0.80
2008.03.21 05:07:17.966,2.0039,2.0047,0.30,0.80
2008.03.21 05:07:18.274,2.0039,2.0047,0.30,0.80
2008.03.21 05:07:18.584,2.0039,2.0047,0.30,0.80
2008.03.21 05:07:18.850,2.0039,2.0047,0.30,0.80
2008.03.21 05:07:19.041,2.0039,2.0047,0.30,0.80
2008.03.21 05:07:19.270,2.0039,2.0047,0.30,0.80
2008.03.21 05:07:19.516,2.0039,2.0047,0.30,0.80
2008.03.21 05:07:19.835,2.0039,2.0047,0.30,0.80
2008.03.21 05:07:20.118,2.0039,2.0047,0.30,0.80
2008.03.21 05:07:20.401,2.0039,2.0047,0.30,0.80
2008.03.21 05:07:20.684,2.0039,2.0047,0.30,0.80
2008.03.21 05:07:21.018,2.0039,2.0047,0.30,0.80
2008.03.21 05:07:21.351,2.0039,2.0047,0.30,0.80
2008.03.21 05:07:21.686,2.0039,2.0047,0.30,0.80
2008.03.21 05:07:21.891,2.0039,2.0046,0.30,0.80
2008.03.21 05:07:22.095,2.0039,2.0046,0.30,0.80
2008.03.21 05:07:22.299,2.0038,2.0046,0.30,0.80
2008.03.21 05:07:22.505,2.0037,2.0046,0.30,0.80
2008.03.21 05:07:22.748,2.0037,2.0046,0.30,0.80
2008.03.21 05:07:23.082,2.0037,2.0046,0.30,0.80
2008.03.21 05:07:23.415,2.0037,2.0046,0.30,0.80
2008.03.21 05:07:23.748,2.0037,2.0046,0.30,0.80
2008.03.21 05:07:23.972,2.0037,2.0046,0.30,0.80
2008.03.21 05:07:24.196,2.0037,2.0046,0.30,0.80
2008.03.21 05:07:24.436,2.0037,2.0046,0.30,0.80
2008.03.21 05:07:24.661,2.0037,2.0046,0.30,0.80
2008.03.21 05:07:24.959,2.0037,2.0046,0.30,0.80
2008.03.21 05:07:25.258,2.0037,2.0046,0.30,0.80
2008.03.21 05:07:25.557,2.0037,2.0046,0.30,0.80
2008.03.21 05:07:25.855,2.0037,2.0046,0.30,0.80
2008.03.21 05:07:26.189,2.0037,2.0046,0.30,0.80
2008.03.21 05:07:26.560,2.0037,2.0046,0.30,0.80
2008.03.21 05:07:26.857,2.0037,2.0046,0.30,0.80
2008.03.21 05:07:27.070,2.0037,2.0046,0.30,0.80
2008.03.21 05:07:27.285,2.0037,2.0046,0.30,0.80
2008.03.21 05:07:27.505,2.0037,2.0046,0.30,0.80
2008.03.21 05:07:27.719,2.0037,2.0046,0.30,0.80
2008.03.21 05:07:28.017,2.0037,2.0046,0.30,0.80
2008.03.21 05:07:28.315,2.0037,2.0046,0.30,0.80
2008.03.21 05:07:28.614,2.0037,2.0046,0.30,0.80
2008.03.21 05:07:28.917,2.0037,2.0046,0.30,0.80
2008.03.21 05:07:29.157,2.0037,2.0046,0.30,0.80
2008.03.21 05:07:29.398,2.0037,2.0046,0.30,0.80
2008.03.21 05:07:29.636,2.0037,2.0046,0.30,0.80
2008.03.21 05:07:29.874,2.0037,2.0046,0.30,0.80
2008.03.21 05:07:30.157,2.0037,2.0046,0.30,0.80
2008.03.21 05:07:30.440,2.0037,2.0046,0.30,0.80
2008.03.21 05:07:30.726,2.0037,2.0046,0.30,0.80
2008.03.21 05:07:31.010,2.0037,2.0046,0.30,0.80
2008.03.21 05:07:31.343,2.0037,2.0046,0.30,0.80
2008.03.21 05:07:31.676,2.0037,2.0046,0.30,0.80
2008.03.21 05:07:32.010,2.0037,2.0046,0.30,0.80
2008.03.21 05:07:32.224,2.0037,2.0046,0.30,0.80
2008.03.21 05:07:32.439,2.0037,2.0046,0.30,0.80
2008.03.21 05:07:32.654,2.0037,2.0046,0.30,0.80
2008.03.21 05:07:32.868,2.0037,2.0046,0.30,0.80
2008.03.21 05:07:33.182,2.0037,2.0046,0.30,0.80
2008.03.21 05:07:33.497,2.0037,2.0046,0.30,0.80
2008.03.21 05:07:33.810,2.0037,2.0046,0.30,0.80
2008.03.21 05:07:34.124,2.0037,2.0046,0.30,0.80
2008.03.21 05:07:34.342,2.0037,2.0046,0.30,0.80
2008.03.21 05:07:34.559,2.0037,2.0046,0.30,0.80
2008.03.21 05:07:34.777,2.0037,2.0046,0.30,0.80
2008.03.21 05:07:34.997,2.0037,2.0046,0.30,0.80
2008.03.21 05:07:35.316,2.0037,2.0046,0.30,0.80
2008.03.21 05:07:35.634,2.0037,2.0046,0.30,0.80
2008.03.21 05:07:35.954,2.0037,2.0046,0.30,0.80
2008.03.21 05:07:36.282,2.0037,2.0046,0.30,0.80
2008.03.21 05:07:36.611,2.0037,2.0046,0.30,0.80
2008.03.21 05:07:36.941,2.0037,2.0046,0.30,0.80
2008.03.21 05:07:37.270,2.0037,2.0046,0.30,0.80
2008.03.21 05:07:37.499,2.0037,2.0046,0.30,0.80
2008.03.21 05:07:37.718,2.0037,2.0046,0.30,0.80
2008.03.21 05:07:37.938,2.0037,2.0046,0.30,0.80
2008.03.21 05:07:38.156,2.0037,2.0046,0.30,0.80
2008.03.21 05:07:38.460,2.0037,2.0046,0.30,0.80
2008.03.21 05:07:38.802,2.0037,2.0046,0.30,0.80
2008.03.21 05:07:39.108,2.0037,2.0046,0.30,0.80
2008.03.21 05:07:39.337,2.0037,2.0046,0.30,0.80
2008.03.21 05:07:39.566,2.0037,2.0046,0.30,0.80
2008.03.21 05:07:39.795,2.0037,2.0046,0.30,0.80
2008.03.21 05:07:40.025,2.0037,2.0046,0.30,0.80
2008.03.21 05:07:40.330,2.0037,2.0046,0.30,0.80
2008.03.21 05:07:40.671,2.0037,2.0046,0.30,0.80
2008.03.21 05:07:40.938,2.0037,2.0046,0.30,0.80
2008.03.21 05:07:41.242,2.0037,2.0046,0.30,0.80
2008.03.21 05:07:41.576,2.0037,2.0046,0.30,0.80
2008.03.21 05:07:41.910,2.0037,2.0046,0.30,0.80
2008.03.21 05:07:42.243,2.0037,2.0046,0.30,0.80
2008.03.21 05:07:42.456,2.0037,2.0046,0.30,0.80
2008.03.21 05:07:42.670,2.0037,2.0046,0.30,0.80
2008.03.21 05:07:42.882,2.0037,2.0046,0.30,0.80
2008.03.21 05:07:43.096,2.0037,2.0046,0.30,0.80
2008.03.21 05:07:43.431,2.0037,2.0046,0.30,0.80
2008.03.21 05:07:43.692,2.0037,2.0046,0.30,0.80
2008.03.21 05:07:43.991,2.0037,2.0046,0.30,0.80
2008.03.21 05:07:44.291,2.0037,2.0046,0.30,0.80
2008.03.21 05:07:44.535,2.0037,2.0046,0.30,0.80
2008.03.21 05:07:44.778,2.0037,2.0046,0.30,0.80
2008.03.21 05:07:45.021,2.0037,2.0046,0.30,0.80
2008.03.21 05:07:45.270,2.0037,2.0046,0.30,0.80
2008.03.21 05:07:45.534,2.0037,2.0046,0.30,0.80
2008.03.21 05:07:45.798,2.0037,2.0046,0.30,0.80
2008.03.21 05:07:46.098,2.0037,2.0046,0.30,0.80
2008.03.21 05:07:46.325,2.0037,2.0046,0.30,0.80
2008.03.21 05:07:46.659,2.0037,2.0046,0.30,0.80
2008.03.21 05:07:46.993,2.0037,2.0046,0.30,0.80
2008.03.21 05:07:47.327,2.0037,2.0046,0.30,0.80
2008.03.21 05:07:47.546,2.0037,2.0046,0.30,0.80
2008.03.21 05:07:47.765,2.0037,2.0046,0.30,0.80
2008.03.21 05:07:47.984,2.0037,2.0046,0.30,0.80
2008.03.21 05:07:48.202,2.0037,2.0046,0.30,0.80
2008.03.21 05:07:48.530,2.0037,2.0046,0.30,0.80
2008.03.21 05:07:48.859,2.0037,2.0046,0.30,0.80
2008.03.21 05:07:49.189,2.0037,2.0046,0.30,0.80
2008.03.21 05:07:49.517,2.0037,2.0046,0.30,0.80
2008.03.21 05:07:49.736,2.0037,2.0046,0.30,0.80
2008.03.21 05:07:49.982,2.0037,2.0046,0.30,0.80
2008.03.21 05:07:50.239,2.0037,2.0046,0.30,0.80
2008.03.21 05:07:50.549,2.0037,2.0046,0.30,0.80
2008.03.21 05:07:50.851,2.0037,2.0046,0.30,0.80
2008.03.21 05:07:51.155,2.0037,2.0046,0.30,0.80
2008.03.21 05:07:51.459,2.0037,2.0046,0.30,0.80
2008.03.21 05:07:51.793,2.0037,2.0046,0.30,0.80
2008.03.21 05:07:52.127,2.0037,2.0046,0.30,0.80
2008.03.21 05:07:52.499,2.0037,2.0046,0.30,0.80
2008.03.21 05:07:52.671,2.0037,2.0046,0.30,0.80
2008.03.21 05:07:52.882,2.0037,2.0046,0.30,0.80
2008.03.21 05:07:53.093,2.0038,2.0046,0.30,0.80
2008.03.21 05:07:53.303,2.0038,2.0046,0.30,0.80
2008.03.21 05:07:53.612,2.0038,2.0046,0.30,0.80
2008.03.21 05:07:53.921,2.0038,2.0046,0.30,0.80
2008.03.21 05:07:54.229,2.0038,2.0046,0.30,0.80
2008.03.21 05:07:54.538,2.0038,2.0046,0.30,0.80
2008.03.21 05:07:54.757,2.0038,2.0046,0.30,0.80
2008.03.21 05:07:54.989,2.0038,2.0046,0.30,0.80
2008.03.21 05:07:55.245,2.0038,2.0046,0.30,0.80
2008.03.21 05:07:55.463,2.0038,2.0046,0.30,0.80
2008.03.21 05:07:55.796,2.0038,2.0046,0.30,0.80
2008.03.21 05:07:56.130,2.0038,2.0046,0.30,0.80
2008.03.21 05:07:56.464,2.0038,2.0046,0.30,0.80
2008.03.21 05:07:56.667,2.0038,2.0046,0.30,0.80
2008.03.21 05:07:56.865,2.0038,2.0046,0.30,0.80
2008.03.21 05:07:57.066,2.0038,2.0047,0.30,0.80
2008.03.21 05:07:57.266,2.0038,2.0047,0.30,0.80
2008.03.21 05:07:57.465,2.0038,2.0047,0.30,0.80
2008.03.21 05:07:57.825,2.0038,2.0047,0.30,0.80
2008.03.21 05:07:58.201,2.0038,2.0047,0.30,0.80
2008.03.21 05:07:58.535,2.0038,2.0047,0.30,0.80
2008.03.21 05:07:58.749,2.0038,2.0047,0.30,0.80
2008.03.21 05:07:58.963,2.0038,2.0047,0.30,0.80
2008.03.21 05:07:59.177,2.0038,2.0047,0.30,0.80
2008.03.21 05:07:59.391,2.0038,2.0047,0.30,0.80
2008.03.21 05:07:59.605,2.0039,2.0047,0.30,0.80
2008.03.21 05:07:59.949,2.0039,2.0047,0.30,0.80
2008.03.21 05:08:00.287,2.0039,2.005,0.30,0.80
2008.03.21 05:08:00.615,2.0039,2.005,0.30,0.80
2008.03.21 05:08:00.949,2.0039,2.005,0.30,0.80
2008.03.21 05:08:01.320,2.0039,2.005,0.30,0.80
2008.03.21 05:08:01.653,2.0039,2.005,0.30,0.80
2008.03.21 05:08:01.871,2.0039,2.005,0.30,0.80
2008.03.21 05:08:02.089,2.0039,2.005,0.30,0.80
2008.03.21 05:08:02.307,2.0039,2.005,0.30,0.80
2008.03.21 05:08:02.537,2.0039,2.005,0.30,0.80
2008.03.21 05:08:02.858,2.0039,2.005,0.30,0.80
2008.03.21 05:08:03.139,2.0039,2.005,0.30,0.80
2008.03.21 05:08:03.468,2.0039,2.005,0.30,0.80
2008.03.21 05:08:03.707,2.0039,2.005,0.30,0.80
2008.03.21 05:08:03.977,2.0039,2.005,0.30,0.80
2008.03.21 05:08:04.245,2.0039,2.005,0.30,0.80
2008.03.21 05:08:04.514,2.0039,2.005,0.30,0.80
2008.03.21 05:08:04.778,2.0041,2.005,0.30,0.80
2008.03.21 05:08:05.044,2.0038,2.005,0.80,0.80
2008.03.21 05:08:05.328,2.0038,2.005,1.00,1.20
2008.03.21 05:08:05.623,2.0038,2.005,1.00,1.20
2008.03.21 05:08:06.006,2.0038,2.005,1.00,1.20
2008.03.21 05:08:06.377,2.0038,2.005,1.00,1.20
2008.03.21 05:08:06.749,2.0038,2.005,1.00,1.20
2008.03.21 05:08:06.989,2.0038,2.005,1.00,1.20
2008.03.21 05:08:07.156,2.0037,2.005,1.00,0.80
2008.03.21 05:08:07.364,2.0037,2.005,1.00,0.80
2008.03.21 05:08:07.567,2.0037,2.005,1.00,0.80
2008.03.21 05:08:07.790,2.0037,2.005,1.00,0.80
2008.03.21 05:08:08.164,2.0037,2.005,1.00,0.80
2008.03.21 05:08:08.457,2.0037,2.005,1.00,0.80
2008.03.21 05:08:08.791,2.0037,2.005,1.00,0.80
2008.03.21 05:08:09.004,2.0037,2.005,1.00,0.80
2008.03.21 05:08:09.218,2.0037,2.005,1.00,0.80
2008.03.21 05:08:09.432,2.0037,2.005,1.00,0.80
2008.03.21 05:08:09.646,2.0039,2.00505,0.80,0.40
2008.03.21 05:08:09.859,2.0039,2.0051,0.80,0.80
2008.03.21 05:08:10.168,2.004,2.0051,0.30,0.80
2008.03.21 05:08:10.477,2.004,2.0051,0.30,0.80
2008.03.21 05:08:10.810,2.004,2.0051,0.30,0.80
2008.03.21 05:08:11.156,2.0037,2.005,1.00,0.80
2008.03.21 05:08:11.529,2.0037,2.005,1.00,0.80
2008.03.21 05:08:11.867,2.0037,2.005,1.00,0.80
2008.03.21 05:08:12.078,2.0037,2.005,1.00,0.80
2008.03.21 05:08:12.286,2.0037,2.005,1.00,0.80
2008.03.21 05:08:12.527,2.0037,2.005,1.00,0.80
2008.03.21 05:08:12.773,2.0037,2.005,1.00,0.80
2008.03.21 05:08:13.019,2.0037,2.005,1.00,0.80
2008.03.21 05:08:13.304,2.0037,2.005,1.00,0.80
2008.03.21 05:08:13.628,2.0037,2.005,1.00,0.80
2008.03.21 05:08:13.953,2.0037,2.005,1.00,0.80
2008.03.21 05:08:14.203,2.0037,2.005,1.00,0.80
2008.03.21 05:08:14.427,2.0037,2.005,1.00,0.80
2008.03.21 05:08:14.650,2.0037,2.005,1.00,0.80
2008.03.21 05:08:14.875,2.0037,2.005,1.00,0.80
2008.03.21 05:08:15.176,2.0037,2.0049,1.00,0.80
2008.03.21 05:08:15.474,2.0037,2.0049,1.00,0.80
2008.03.21 05:08:15.772,2.0037,2.0049,1.00,0.80
2008.03.21 05:08:16.072,2.0037,2.0049,1.00,0.80
2008.03.21 05:08:16.404,2.0037,2.0049,1.00,0.80
2008.03.21 05:08:16.765,2.0036,2.0049,1.00,0.80
2008.03.21 05:08:17.128,2.0036,2.0049,1.00,0.80
2008.03.21 05:08:17.388,2.0036,2.0049,1.00,0.80
2008.03.21 05:08:17.610,2.0036,2.0049,1.00,0.80
2008.03.21 05:08:17.834,2.0036,2.0049,1.00,0.80
2008.03.21 05:08:18.058,2.0036,2.0049,1.00,0.80
2008.03.21 05:08:18.331,2.0036,2.0049,1.00,0.80
2008.03.21 05:08:18.612,2.0036,2.0047,0.30,0.80
2008.03.21 05:08:18.915,2.0036,2.0047,0.30,0.80
2008.03.21 05:08:19.230,2.0036,2.0047,0.30,0.80
2008.03.21 05:08:19.552,2.0036,2.0047,0.30,0.80
2008.03.21 05:08:19.840,2.0036,2.0047,0.30,0.80
2008.03.21 05:08:20.129,2.0036,2.0047,0.30,0.80
2008.03.21 05:08:20.367,2.0036,2.0047,0.30,0.80
2008.03.21 05:08:20.606,2.0036,2.0047,0.30,0.80
2008.03.21 05:08:20.845,2.0036,2.0047,0.30,0.80
2008.03.21 05:08:21.083,2.0036,2.0047,0.30,0.80
2008.03.21 05:08:21.431,2.0036,2.0047,0.30,0.80
2008.03.21 05:08:21.805,2.0036,2.0047,0.30,0.80
2008.03.21 05:08:22.098,2.0036,2.0047,0.30,0.80
2008.03.21 05:08:22.312,2.0036,2.0047,0.30,0.80
2008.03.21 05:08:22.526,2.0036,2.0047,0.30,0.80
2008.03.21 05:08:22.780,2.0036,2.0047,0.30,0.80
2008.03.21 05:08:22.992,2.0036,2.0047,0.30,0.80
2008.03.21 05:08:23.207,2.0036,2.0047,0.30,0.80
2008.03.21 05:08:23.542,2.0036,2.0047,0.30,0.80
2008.03.21 05:08:23.875,2.0036,2.0047,0.30,0.80
2008.03.21 05:08:24.209,2.0036,2.0047,0.30,0.80
2008.03.21 05:08:24.428,2.0036,2.0047,0.30,0.80
2008.03.21 05:08:24.646,2.0036,2.0047,0.30,0.80
2008.03.21 05:08:24.864,2.0036,2.0047,0.30,0.80
2008.03.21 05:08:25.083,2.0036,2.0047,0.30,0.80
2008.03.21 05:08:25.301,2.0036,2.0047,0.30,0.80
2008.03.21 05:08:25.625,2.0036,2.0047,0.30,0.80
2008.03.21 05:08:25.949,2.0036,2.0047,0.30,0.80
2008.03.21 05:08:26.273,2.0036,2.0047,0.30,0.80
2008.03.21 05:08:26.608,2.0036,2.0047,0.30,0.80
2008.03.21 05:08:26.941,2.0036,2.0047,0.30,0.80
2008.03.21 05:08:27.275,2.0036,2.0047,0.30,0.80
2008.03.21 05:08:27.513,2.0036,2.0047,0.30,0.80
2008.03.21 05:08:27.752,2.0036,2.0047,0.30,0.80
2008.03.21 05:08:27.991,2.0036,2.0047,0.30,0.80
2008.03.21 05:08:28.267,2.0036,2.0047,0.30,0.80
2008.03.21 05:08:28.555,2.0036,2.0047,0.30,0.80
2008.03.21 05:08:28.844,2.0036,2.0047,0.30,0.80
2008.03.21 05:08:29.133,2.0036,2.0047,0.30,0.80
2008.03.21 05:08:29.421,2.0036,2.0047,0.30,0.80
2008.03.21 05:08:29.692,2.0036,2.0047,0.30,0.80
2008.03.21 05:08:29.924,2.0036,2.0047,0.30,0.80
2008.03.21 05:08:30.158,2.0036,2.0048,1.00,0.80
2008.03.21 05:08:30.392,2.0036,2.0048,1.00,0.80
2008.03.21 05:08:30.690,2.0037,2.0048,0.30,0.80
2008.03.21 05:08:30.988,2.0037,2.0048,0.30,0.80
2008.03.21 05:08:31.288,2.0037,2.0048,0.30,0.80
2008.03.21 05:08:31.588,2.0037,2.0048,0.30,0.80
2008.03.21 05:08:31.957,2.0037,2.0048,0.30,0.80
2008.03.21 05:08:32.329,2.0037,2.0048,0.30,0.80
2008.03.21 05:08:32.508,2.0037,2.0048,0.30,0.80
2008.03.21 05:08:32.727,2.0037,2.0048,0.30,0.80
2008.03.21 05:08:32.946,2.0037,2.0048,0.30,0.80
2008.03.21 05:08:33.164,2.0037,2.0048,0.30,0.80
2008.03.21 05:08:33.383,2.0037,2.0048,0.30,0.80
2008.03.21 05:08:33.700,2.0037,2.0048,0.30,0.80
2008.03.21 05:08:34.019,2.0037,2.0048,0.30,0.80
2008.03.21 05:08:34.339,2.0037,2.0048,0.30,0.80
2008.03.21 05:08:34.557,2.0037,2.0048,0.30,0.80
2008.03.21 05:08:34.776,2.0037,2.0048,0.30,0.80
2008.03.21 05:08:34.994,2.0037,2.0048,0.30,0.80
2008.03.21 05:08:35.214,2.0037,2.0048,0.30,0.80
2008.03.21 05:08:35.448,2.0037,2.0048,0.30,0.80
2008.03.21 05:08:35.751,2.0037,2.0048,0.30,0.80
2008.03.21 05:08:36.056,2.0037,2.0048,0.30,0.80
2008.03.21 05:08:36.361,2.0037,2.0048,0.30,0.80
2008.03.21 05:08:36.695,2.0037,2.0048,0.30,0.80
2008.03.21 05:08:37.029,2.0037,2.0048,0.30,0.80
2008.03.21 05:08:37.365,2.0037,2.0048,0.30,0.80
2008.03.21 05:08:37.588,2.0037,2.0048,0.30,0.80
2008.03.21 05:08:37.812,2.0037,2.0048,0.30,0.80
2008.03.21 05:08:38.036,2.0037,2.0048,0.30,0.80
2008.03.21 05:08:38.260,2.0037,2.0048,0.30,0.80
2008.03.21 05:08:38.496,2.0037,2.0048,0.30,0.80
2008.03.21 05:08:38.779,2.0037,2.0048,0.30,0.80
2008.03.21 05:08:39.064,2.0036,2.0047,0.30,0.80
2008.03.21 05:08:39.349,2.0036,2.0047,0.30,0.80
2008.03.21 05:08:39.632,2.0036,2.0047,0.30,0.80
2008.03.21 05:08:39.876,2.0036,2.0047,0.30,0.80
2008.03.21 05:08:40.119,2.0036,2.0047,0.30,0.80
2008.03.21 05:08:40.376,2.0036,2.0047,0.30,0.80
2008.03.21 05:08:40.621,2.0036,2.0047,0.30,0.80
2008.03.21 05:08:40.954,2.0036,2.0047,0.30,0.80
2008.03.21 05:08:41.287,2.0036,2.0047,0.30,0.80
2008.03.21 05:08:41.621,2.0036,2.0047,0.30,0.80
2008.03.21 05:08:41.847,2.0036,2.0047,0.30,0.80
2008.03.21 05:08:42.066,2.0036,2.0047,0.30,0.80
2008.03.21 05:08:42.286,2.0036,2.0047,0.30,0.80
2008.03.21 05:08:42.505,2.0036,2.0047,0.30,0.80
2008.03.21 05:08:42.817,2.0036,2.0047,0.30,0.80
2008.03.21 05:08:43.129,2.0036,2.0047,0.30,0.80
2008.03.21 05:08:43.455,2.0036,2.0047,0.30,0.80
2008.03.21 05:08:43.757,2.0036,2.0047,0.30,0.80
2008.03.21 05:08:43.986,2.0036,2.0047,0.30,0.80
2008.03.21 05:08:44.215,2.0036,2.0047,0.30,0.80
2008.03.21 05:08:44.482,2.0036,2.0047,0.30,0.80
2008.03.21 05:08:44.710,2.0036,2.0047,0.30,0.80
2008.03.21 05:08:45.009,2.0036,2.0047,0.30,0.80
2008.03.21 05:08:45.308,2.0036,2.0047,0.30,0.80
2008.03.21 05:08:45.607,2.0036,2.0047,0.30,0.80
2008.03.21 05:08:45.941,2.0035,2.0047,1.00,0.80
2008.03.21 05:08:46.275,2.0035,2.0047,1.00,0.80
2008.03.21 05:08:46.609,2.0035,2.0047,1.00,0.80
2008.03.21 05:08:46.876,2.0035,2.0047,1.00,0.80
2008.03.21 05:08:47.138,2.0035,2.0047,1.00,0.80
2008.03.21 05:08:47.399,2.0036,2.0047,0.30,0.80
2008.03.21 05:08:47.659,2.0036,2.0047,0.30,0.80
2008.03.21 05:08:47.901,2.0036,2.0047,0.30,0.80
2008.03.21 05:08:48.180,2.0036,2.0047,0.30,0.80
2008.03.21 05:08:48.459,2.0036,2.0047,0.30,0.80
2008.03.21 05:08:48.737,2.0036,2.0047,0.30,0.80
2008.03.21 05:08:49.011,2.0036,2.0047,0.30,0.80
2008.03.21 05:08:49.292,2.0036,2.0047,0.30,0.80
2008.03.21 05:08:49.567,2.0036,2.0047,0.30,0.80
2008.03.21 05:08:49.841,2.0036,2.0047,0.30,0.80
2008.03.21 05:08:50.101,2.0036,2.0047,0.30,0.80
2008.03.21 05:08:50.383,2.0036,2.0047,0.30,0.80
2008.03.21 05:08:50.642,2.0036,2.0047,0.30,0.80
2008.03.21 05:08:50.975,2.0036,2.0047,0.30,0.80
2008.03.21 05:08:51.308,2.0036,2.0047,0.30,0.80
2008.03.21 05:08:51.679,2.0036,2.0047,0.30,0.80
2008.03.21 05:08:51.902,2.0036,2.0047,0.30,0.80
2008.03.21 05:08:52.127,2.0036,2.0047,0.30,0.80
2008.03.21 05:08:52.348,2.0036,2.0047,0.30,0.80
2008.03.21 05:08:52.606,2.0036,2.0047,0.30,0.80
2008.03.21 05:08:52.830,2.0036,2.0047,0.30,0.80
2008.03.21 05:08:53.118,2.0036,2.0047,0.30,0.80
2008.03.21 05:08:53.406,2.0036,2.0047,0.30,0.80
2008.03.21 05:08:53.696,2.0036,2.0045,0.30,0.80
2008.03.21 05:08:53.973,2.0036,2.0045,0.30,0.80
2008.03.21 05:08:54.173,2.0036,2.0045,0.30,0.80
2008.03.21 05:08:54.412,2.0034,2.0045,0.30,0.80
2008.03.21 05:08:54.651,2.0034,2.0045,0.30,0.80
2008.03.21 05:08:54.909,2.0036,2.0046,0.80,0.10
2008.03.21 05:08:55.239,2.0037,2.0048,0.30,0.80
2008.03.21 05:08:55.534,2.0037,2.0048,0.30,0.80
2008.03.21 05:08:55.822,2.0037,2.0048,0.30,0.80
2008.03.21 05:08:56.156,2.0037,2.0048,0.30,0.80
2008.03.21 05:08:56.490,2.0037,2.0048,0.30,0.80
2008.03.21 05:08:56.823,2.0037,2.0048,0.30,0.80
2008.03.21 05:08:57.037,2.0037,2.0048,0.30,0.80
2008.03.21 05:08:57.247,2.0037,2.0048,0.30,0.80
2008.03.21 05:08:57.457,2.0037,2.0048,0.30,0.80
2008.03.21 05:08:57.666,2.0037,2.0048,0.30,0.80
2008.03.21 05:08:57.911,2.0037,2.0048,0.30,0.80
2008.03.21 05:08:58.238,2.0037,2.0048,0.30,0.80
2008.03.21 05:08:58.566,2.0037,2.0048,0.30,0.80
2008.03.21 05:08:58.894,2.0037,2.0048,0.30,0.80
2008.03.21 05:08:59.113,2.0037,2.0048,0.30,0.80
2008.03.21 05:08:59.372,2.0037,2.0048,0.30,0.80
2008.03.21 05:08:59.592,2.0037,2.0048,0.30,0.80
2008.03.21 05:08:59.810,2.0037,2.0048,0.30,0.80
2008.03.21 05:09:00.028,2.0037,2.0048,0.30,0.80
2008.03.21 05:09:00.316,2.0037,2.0048,0.30,0.80
2008.03.21 05:09:00.605,2.0037,2.0048,0.30,0.80
2008.03.21 05:09:00.906,2.0037,2.0048,0.30,0.80
2008.03.21 05:09:01.277,2.0037,2.0048,0.30,0.80
2008.03.21 05:09:01.610,2.0037,2.0048,0.30,0.80
2008.03.21 05:09:01.943,2.0037,2.0048,0.30,0.80
2008.03.21 05:09:02.157,2.0037,2.0048,0.30,0.80
2008.03.21 05:09:02.369,2.0037,2.0048,0.30,0.80
2008.03.21 05:09:02.584,2.0037,2.0046,0.30,0.80
2008.03.21 05:09:02.798,2.0037,2.0046,0.30,0.80
2008.03.21 05:09:03.011,2.0037,2.0046,0.30,0.80
2008.03.21 05:09:03.315,2.0035,2.0046,0.30,0.80
2008.03.21 05:09:03.619,2.0035,2.0046,0.30,0.80
2008.03.21 05:09:03.943,2.0035,2.0046,0.30,0.80
2008.03.21 05:09:04.175,2.0035,2.0046,0.30,0.80
2008.03.21 05:09:04.412,2.0035,2.0046,0.30,0.80
2008.03.21 05:09:04.645,2.0035,2.0046,0.30,0.80
2008.03.21 05:09:04.878,2.0035,2.0046,0.30,0.80
2008.03.21 05:09:05.146,2.0035,2.0046,0.30,0.80
2008.03.21 05:09:05.455,2.0035,2.0046,0.30,0.80
2008.03.21 05:09:07.262,2.0035,2.0046,0.30,0.80
2008.03.21 05:09:07.276,2.0035,2.0046,0.30,0.80
2008.03.21 05:09:07.424,2.0035,2.0046,0.30,0.80
2008.03.21 05:09:07.564,2.0035,2.0046,0.30,0.80
2008.03.21 05:09:07.702,2.0035,2.0046,0.30,0.80
2008.03.21 05:09:07.840,2.0035,2.0046,0.30,0.80
2008.03.21 05:09:07.979,2.0035,2.0046,0.30,0.80
2008.03.21 05:09:08.117,2.0035,2.0046,0.30,0.80
2008.03.21 05:09:08.258,2.0035,2.0046,0.30,0.80
2008.03.21 05:09:08.435,2.0035,2.0046,0.30,0.80
2008.03.21 05:09:08.730,2.0035,2.0046,0.30,0.80
2008.03.21 05:09:09.063,2.0035,2.0046,0.30,0.80
2008.03.21 05:09:09.397,2.0035,2.0046,0.30,0.80
2008.03.21 05:09:09.615,2.0035,2.0046,0.30,0.80
2008.03.21 05:09:09.829,2.0035,2.0046,0.30,0.80
2008.03.21 05:09:10.043,2.0035,2.0046,0.30,0.80
2008.03.21 05:09:10.257,2.0035,2.0046,0.30,0.80
2008.03.21 05:09:10.499,2.0037,2.0048,0.30,0.80
2008.03.21 05:09:10.869,2.0037,2.0048,0.30,0.80
2008.03.21 05:09:11.234,2.0037,2.0048,0.30,0.80
2008.03.21 05:09:11.562,2.0037,2.0048,0.30,0.80
2008.03.21 05:09:11.865,2.0037,2.0048,0.30,0.80
2008.03.21 05:09:12.168,2.0037,2.0048,0.30,0.80
2008.03.21 05:09:12.472,2.0037,2.0048,0.30,0.80
2008.03.21 05:09:12.710,2.0037,2.0048,0.30,0.80
2008.03.21 05:09:12.949,2.0037,2.0048,0.30,0.80
2008.03.21 05:09:13.187,2.0037,2.0048,0.30,0.80
2008.03.21 05:09:13.448,2.0037,2.0048,0.30,0.80
2008.03.21 05:09:13.666,2.0037,2.0048,0.30,4.80
2008.03.21 05:09:13.940,2.0037,2.0048,0.30,4.80
2008.03.21 05:09:14.213,2.0037,2.0048,0.30,4.80
2008.03.21 05:09:14.510,2.0037,2.0048,0.30,4.80
