2012.05.11 15:00:00.533,1.49364,1.49387,2.25,4.50
2012.05.11 15:00:01.392,1.49367,1.49387,1.50,4.50
2012.05.11 15:00:01.900,1.49367,1.49387,1.50,4.50
2012.05.11 15:00:03.481,1.49365,1.49387,2.25,4.50
2012.05.11 15:00:04.581,1.4936,1.49387,2.44,4.50
2012.05.11 15:00:04.914,1.49364,1.49387,4.50,1.50
2012.05.11 15:00:05.597,1.49365,1.4939,1.50,3.19
2012.05.11 15:00:05.954,1.49364,1.49386,4.50,2.25
2012.05.11 15:00:06.811,1.49364,1.49384,4.50,1.50
2012.05.11 15:00:08.770,1.49357,1.49385,2.25,2.25
2012.05.11 15:00:08.841,1.49355,1.49382,2.07,1.50
2012.05.11 15:00:09.194,1.49351,1.49377,1.50,4.69
2012.05.11 15:00:09.262,1.4935,1.49375,1.13,1.50
2012.05.11 15:00:09.821,1.49354,1.49376,1.13,1.50
2012.05.11 15:00:10.023,1.49351,1.49376,1.32,3.00
2012.05.11 15:00:10.665,1.49357,1.49383,1.50,2.25
2012.05.11 15:00:10.818,1.49357,1.49384,1.50,2.44
2012.05.11 15:00:10.892,1.49356,1.4938,1.50,1.50
2012.05.11 15:00:11.039,1.49356,1.49383,1.50,3.00
2012.05.11 15:00:11.115,1.49356,1.4938,1.50,1.50
2012.05.11 15:00:11.663,1.49355,1.49379,4.50,1.50
2012.05.11 15:00:11.731,1.49351,1.49379,3.00,2.25
2012.05.11 15:00:12.121,1.49351,1.49379,3.00,1.50
2012.05.11 15:00:12.561,1.49351,1.49378,2.25,1.50
2012.05.11 15:00:13.112,1.49348,1.49377,2.25,1.69
2012.05.11 15:00:14.030,1.49348,1.49377,2.25,2.44
2012.05.11 15:00:14.293,1.49351,1.49379,1.50,4.13
2012.05.11 15:00:14.361,1.49351,1.49379,1.50,2.25
2012.05.11 15:00:14.872,1.49351,1.49379,1.50,1.50
2012.05.11 15:00:16.268,1.49354,1.49381,1.13,6.60
2012.05.11 15:00:16.786,1.49353,1.49379,2.44,1.65
2012.05.11 15:00:17.400,1.49352,1.49379,1.69,3.15
2012.05.11 15:00:17.470,1.4935,1.49377,2.25,1.84
2012.05.11 15:00:17.663,1.49347,1.49376,1.50,3.68
2012.05.11 15:00:18.002,1.49347,1.49376,1.50,3.68
2012.05.11 15:00:18.333,1.49348,1.49377,2.44,1.84
2012.05.11 15:00:18.859,1.49351,1.49379,1.50,2.63
2012.05.11 15:00:19.214,1.49357,1.49379,4.50,1.88
2012.05.11 15:00:19.299,1.49354,1.49382,2.44,5.25
2012.05.11 15:00:19.373,1.49354,1.49381,2.44,1.50
2012.05.11 15:00:19.501,1.49354,1.49382,2.44,4.50
2012.05.11 15:00:20.243,1.49352,1.49381,1.69,2.25
2012.05.11 15:00:20.761,1.49351,1.49382,2.44,6.75
2012.05.11 15:00:20.975,1.49351,1.4938,2.44,3.00
2012.05.11 15:00:21.055,1.4935,1.49378,1.69,2.25
2012.05.11 15:00:21.707,1.49352,1.49379,2.25,2.25
2012.05.11 15:00:23.961,1.49351,1.49379,2.44,1.50
2012.05.11 15:00:24.450,1.49348,1.49373,2.25,1.50
2012.05.11 15:00:24.732,1.49348,1.49373,1.69,1.50
2012.05.11 15:00:25.703,1.49348,1.49373,1.69,1.50
2012.05.11 15:00:26.663,1.49348,1.49373,1.50,3.00
2012.05.11 15:00:26.873,1.49346,1.4937,1.88,2.25
2012.05.11 15:00:27.431,1.4934,1.4937,1.13,2.25
2012.05.11 15:00:27.962,1.49346,1.49371,1.69,1.50
2012.05.11 15:00:28.033,1.49346,1.49371,1.69,1.50
2012.05.11 15:00:28.245,1.49346,1.49374,2.44,2.25
2012.05.11 15:00:28.999,1.49348,1.49377,2.18,1.69
2012.05.11 15:00:29.200,1.49348,1.49378,2.37,3.00
2012.05.11 15:00:29.681,1.49348,1.49378,1.32,3.00
2012.05.11 15:00:30.013,1.49348,1.49378,2.74,3.00
2012.05.11 15:00:30.574,1.49347,1.49378,2.44,3.00
2012.05.11 15:00:30.644,1.49347,1.49378,2.44,3.00
2012.05.11 15:00:32.400,1.49352,1.49379,2.25,1.84
2012.05.11 15:00:32.753,1.49349,1.49376,2.25,1.50
2012.05.11 15:00:32.821,1.49346,1.49371,3.19,1.50
2012.05.11 15:00:33.081,1.49346,1.49374,3.19,1.50
2012.05.11 15:00:33.212,1.49348,1.49377,2.25,2.25
2012.05.11 15:00:33.613,1.49347,1.49375,1.50,1.50
2012.05.11 15:00:33.743,1.49348,1.49378,2.44,1.50
2012.05.11 15:00:34.150,1.49348,1.49377,3.19,1.50
2012.05.11 15:00:35.062,1.49348,1.49376,1.69,1.50
2012.05.11 15:00:35.601,1.49349,1.49377,2.25,1.50
2012.05.11 15:00:44.949,1.49351,1.49378,1.13,2.18
2012.05.11 15:00:48.003,1.49354,1.49379,1.50,2.18
2012.05.11 15:00:48.212,1.49356,1.49381,1.69,2.25
2012.05.11 15:00:48.481,1.49358,1.49381,2.44,1.50
2012.05.11 15:00:48.673,1.4936,1.49384,1.69,1.05
2012.05.11 15:00:48.930,1.49357,1.49383,4.50,1.05
2012.05.11 15:00:49.003,1.49357,1.49383,1.50,2.55
2012.05.11 15:00:49.070,1.49357,1.49383,1.50,1.65
2012.05.11 15:00:49.214,1.49359,1.4938,1.69,1.50
2012.05.11 15:00:49.422,1.49357,1.49381,3.75,1.50
2012.05.11 15:00:49.943,1.49357,1.49383,2.25,1.50
2012.05.11 15:00:50.411,1.49357,1.49383,1.69,1.50
2012.05.11 15:00:52.240,1.49357,1.49386,2.25,2.25
2012.05.11 15:00:52.309,1.4936,1.49386,1.13,1.50
2012.05.11 15:00:52.383,1.49358,1.49386,1.50,2.25
2012.05.11 15:00:52.641,1.49358,1.49387,1.50,2.63
2012.05.11 15:00:53.286,1.49357,1.49383,3.19,1.50
2012.05.11 15:01:00.788,1.49358,1.49384,1.50,1.50
2012.05.11 15:01:01.574,1.49359,1.49386,1.50,2.25
2012.05.11 15:01:01.642,1.49357,1.49386,2.44,2.25
2012.05.11 15:01:01.992,1.49357,1.49386,1.50,3.19
2012.05.11 15:01:04.229,1.49366,1.49385,1.50,1.50
2012.05.11 15:01:04.444,1.49367,1.49391,1.88,1.50
2012.05.11 15:01:05.311,1.49362,1.4939,1.69,2.25
2012.05.11 15:01:05.704,1.49367,1.49393,1.50,5.25
2012.05.11 15:01:06.798,1.49368,1.49393,3.75,4.50
2012.05.11 15:01:06.874,1.49374,1.49399,1.50,2.25
2012.05.11 15:01:06.943,1.49371,1.49399,1.69,1.50
2012.05.11 15:01:07.348,1.49371,1.494,2.44,1.84
2012.05.11 15:01:07.786,1.4937,1.49397,3.00,1.50
2012.05.11 15:01:07.936,1.49369,1.49396,1.50,3.68
2012.05.11 15:01:08.274,1.49369,1.49396,1.50,2.18
2012.05.11 15:01:10.096,1.49371,1.49402,2.25,3.34
2012.05.11 15:01:11.002,1.49372,1.49399,1.50,1.50
2012.05.11 15:01:11.370,1.49373,1.49399,1.13,2.25
2012.05.11 15:01:11.881,1.49372,1.49399,1.50,2.25
2012.05.11 15:01:11.952,1.49372,1.49399,1.50,1.50
2012.05.11 15:01:12.932,1.49372,1.49399,1.50,1.50
2012.05.11 15:01:13.122,1.49373,1.49401,1.69,1.50
2012.05.11 15:01:14.473,1.49373,1.49399,1.69,1.50
2012.05.11 15:01:15.313,1.49372,1.49401,4.13,1.50
2012.05.11 15:01:16.253,1.49373,1.494,1.50,1.50
2012.05.11 15:01:16.319,1.49373,1.49398,1.50,1.50
2012.05.11 15:01:16.450,1.49373,1.494,1.50,1.50
2012.05.11 15:01:16.525,1.49373,1.49402,1.50,2.25
2012.05.11 15:01:16.805,1.49373,1.49398,1.50,1.50
2012.05.11 15:01:17.442,1.49373,1.494,1.50,3.00
2012.05.11 15:01:18.164,1.49373,1.494,2.25,3.00
2012.05.11 15:01:18.232,1.49373,1.494,1.50,3.00
2012.05.11 15:01:18.792,1.49369,1.49398,2.44,1.50
2012.05.11 15:01:18.983,1.49371,1.49395,1.13,1.50
2012.05.11 15:01:19.122,1.49369,1.49395,2.25,1.50
2012.05.11 15:01:19.694,1.49369,1.49398,1.50,3.00
2012.05.11 15:01:21.053,1.49369,1.49395,1.69,1.50
2012.05.11 15:01:21.344,1.49369,1.49394,1.50,1.50
2012.05.11 15:01:21.633,1.49369,1.49394,1.69,1.50
2012.05.11 15:01:22.163,1.49369,1.49395,1.69,1.50
2012.05.11 15:01:22.554,1.4937,1.494,2.44,1.50
2012.05.11 15:01:24.660,1.49369,1.49398,1.69,4.50
2012.05.11 15:01:25.871,1.4937,1.49398,2.44,1.50
2012.05.11 15:01:26.751,1.49371,1.49398,1.50,1.50
2012.05.11 15:01:26.940,1.49374,1.49399,1.50,3.00
2012.05.11 15:01:27.194,1.49373,1.49401,2.07,2.25
2012.05.11 15:01:30.724,1.49373,1.49402,2.25,2.25
2012.05.11 15:01:30.921,1.49377,1.49403,1.13,1.50
2012.05.11 15:01:31.265,1.49372,1.494,1.13,1.50
2012.05.11 15:01:31.535,1.49369,1.49398,3.66,2.25
2012.05.11 15:01:32.091,1.49372,1.49399,1.13,1.43
2012.05.11 15:01:32.562,1.49369,1.49393,2.25,1.50
2012.05.11 15:01:33.312,1.49369,1.49393,1.69,1.50
2012.05.11 15:01:33.384,1.49369,1.49393,1.69,1.50
2012.05.11 15:01:33.977,1.49369,1.49397,1.69,3.00
2012.05.11 15:01:36.068,1.49369,1.49396,1.69,2.25
2012.05.11 15:01:37.725,1.49369,1.49397,3.75,2.25
2012.05.11 15:01:38.026,1.49372,1.49399,2.25,1.13
2012.05.11 15:01:38.111,1.4937,1.494,2.25,1.13
2012.05.11 15:01:38.326,1.49369,1.49397,3.19,1.50
2012.05.11 15:01:38.796,1.49375,1.49399,2.25,1.13
2012.05.11 15:01:38.943,1.49375,1.49403,2.25,2.63
2012.05.11 15:01:39.450,1.49371,1.49401,1.13,1.88
2012.05.11 15:01:40.291,1.49371,1.49401,1.13,2.63
2012.05.11 15:01:40.482,1.4937,1.49401,2.44,2.25
2012.05.11 15:01:40.624,1.49376,1.49403,2.25,2.25
2012.05.11 15:01:41.039,1.49373,1.49402,2.25,2.25
2012.05.11 15:01:41.255,1.49374,1.49403,3.00,3.38
2012.05.11 15:01:41.395,1.49377,1.49403,2.25,3.00
2012.05.11 15:01:41.673,1.49374,1.49402,1.69,2.18
2012.05.11 15:01:42.773,1.49373,1.49401,1.13,3.00
2012.05.11 15:01:42.844,1.49372,1.49401,1.50,3.00
2012.05.11 15:01:43.255,1.49369,1.49393,1.69,1.50
2012.05.11 15:01:47.222,1.49368,1.49393,1.88,2.25
2012.05.11 15:01:48.654,1.49367,1.49393,4.88,2.25
2012.05.11 15:01:50.234,1.49364,1.4939,2.44,1.50
2012.05.11 15:01:50.552,1.49363,1.49387,1.50,1.50
2012.05.11 15:01:50.992,1.4936,1.49387,2.07,1.50
2012.05.11 15:01:51.892,1.49358,1.49387,2.44,1.50
2012.05.11 15:01:54.002,1.4936,1.49389,3.00,2.25
2012.05.11 15:01:55.523,1.49361,1.49389,1.50,1.50
2012.05.11 15:01:55.872,1.4936,1.49387,1.50,3.00
2012.05.11 15:01:56.514,1.49358,1.49387,3.75,1.50
2012.05.11 15:01:56.644,1.49359,1.49388,4.05,2.25
2012.05.11 15:01:57.061,1.49361,1.49388,1.50,2.25
2012.05.11 15:01:57.344,1.4936,1.49388,1.88,2.25
2012.05.11 15:01:58.084,1.49361,1.49391,2.44,1.50
2012.05.11 15:01:58.813,1.49362,1.49391,3.00,2.25
2012.05.11 15:01:59.142,1.49366,1.49392,1.50,1.50
2012.05.11 15:01:59.212,1.49361,1.49392,2.44,3.00
2012.05.11 15:01:59.281,1.49361,1.49391,2.44,2.18
2012.05.11 15:02:00.702,1.49359,1.49389,2.44,2.25
2012.05.11 15:02:02.331,1.49359,1.49389,2.44,1.50
2012.05.11 15:02:02.994,1.49363,1.49389,2.25,1.50
2012.05.11 15:02:03.065,1.49362,1.49391,2.25,2.44
2012.05.11 15:02:05.135,1.49362,1.49392,2.44,1.50
2012.05.11 15:02:05.652,1.49363,1.49391,1.13,1.50
2012.05.11 15:02:05.785,1.49363,1.49389,1.13,1.50
2012.05.11 15:02:06.271,1.49363,1.49387,1.13,1.50
2012.05.11 15:02:07.802,1.49361,1.49387,1.13,1.50
2012.05.11 15:02:07.875,1.49362,1.49384,1.50,1.50
2012.05.11 15:02:08.212,1.49362,1.49382,2.25,4.50
2012.05.11 15:02:09.659,1.49357,1.49382,1.88,4.50
2012.05.11 15:02:10.031,1.49357,1.49382,1.13,4.50
2012.05.11 15:02:11.216,1.49357,1.49382,1.50,4.50
2012.05.11 15:02:11.934,1.49359,1.49382,1.69,4.50
2012.05.11 15:02:12.005,1.49361,1.49382,2.25,4.50
2012.05.11 15:02:12.335,1.49361,1.49382,3.00,4.50
2012.05.11 15:02:14.583,1.49361,1.49382,2.37,4.50
2012.05.11 15:02:15.123,1.49358,1.49382,3.19,4.50
2012.05.11 15:02:16.651,1.49358,1.49382,3.19,4.50
2012.05.11 15:02:18.854,1.49362,1.49387,1.69,2.25
2012.05.11 15:02:18.998,1.49363,1.4939,2.18,2.25
2012.05.11 15:02:19.286,1.49364,1.4939,1.50,1.50
2012.05.11 15:02:19.502,1.49363,1.4939,1.69,1.50
2012.05.11 15:02:19.692,1.49363,1.49388,1.69,1.50
2012.05.11 15:02:20.024,1.49363,1.4939,1.69,1.50
2012.05.11 15:02:20.163,1.49367,1.4939,1.50,1.50
2012.05.11 15:02:20.376,1.4937,1.49395,1.50,3.75
2012.05.11 15:02:20.977,1.49372,1.49396,1.50,2.25
2012.05.11 15:02:21.233,1.49367,1.49396,3.19,3.00
2012.05.11 15:02:23.324,1.49371,1.49396,1.50,2.25
2012.05.11 15:02:23.664,1.49371,1.49397,1.50,4.50
2012.05.11 15:02:24.324,1.49371,1.49396,1.69,2.25
2012.05.11 15:02:24.879,1.4937,1.49395,2.25,1.50
2012.05.11 15:02:25.095,1.49369,1.49395,1.69,1.50
2012.05.11 15:02:25.222,1.49366,1.49395,3.94,1.50
2012.05.11 15:02:25.473,1.49371,1.49393,1.50,1.50
2012.05.11 15:02:25.852,1.49371,1.49396,1.50,1.50
2012.05.11 15:02:26.065,1.49371,1.49397,1.50,6.00
2012.05.11 15:02:26.134,1.49371,1.49397,1.50,6.00
2012.05.11 15:02:26.403,1.49372,1.49397,1.13,6.00
2012.05.11 15:02:26.712,1.49374,1.49397,1.69,4.50
2012.05.11 15:02:27.064,1.49378,1.49397,2.44,4.50
2012.05.11 15:02:27.133,1.49375,1.49404,4.84,1.50
2012.05.11 15:02:27.424,1.49376,1.49405,1.69,1.50
2012.05.11 15:02:27.795,1.49379,1.49407,2.44,1.50
2012.05.11 15:02:28.309,1.49381,1.49409,3.00,1.50
2012.05.11 15:02:28.454,1.49384,1.49409,2.18,1.50
2012.05.11 15:02:28.797,1.49386,1.49411,2.44,4.50
2012.05.11 15:02:29.462,1.49386,1.49411,2.44,4.50
2012.05.11 15:02:29.906,1.49387,1.49416,2.25,1.50
2012.05.11 15:02:30.232,1.49389,1.49416,1.69,1.50
2012.05.11 15:02:30.744,1.49389,1.49418,2.25,1.50
2012.05.11 15:02:30.883,1.49389,1.49419,2.25,2.25
2012.05.11 15:02:32.603,1.49396,1.4942,2.37,2.25
2012.05.11 15:02:32.932,1.494,1.4942,1.13,2.25
2012.05.11 15:02:33.291,1.49402,1.49429,1.69,3.38
2012.05.11 15:02:33.784,1.49401,1.49429,2.25,2.25
2012.05.11 15:02:33.992,1.49402,1.49429,1.50,2.25
2012.05.11 15:02:34.386,1.49401,1.49429,2.44,2.25
2012.05.11 15:02:35.843,1.49401,1.4943,2.25,3.94
2012.05.11 15:02:37.035,1.49401,1.4943,2.70,2.25
2012.05.11 15:02:41.322,1.49404,1.49432,2.44,1.50
2012.05.11 15:02:41.851,1.49405,1.49431,1.13,1.50
2012.05.11 15:02:42.401,1.49404,1.4943,1.13,1.50
2012.05.11 15:02:42.972,1.49404,1.49431,1.13,1.50
2012.05.11 15:02:43.343,1.49404,1.49433,1.88,4.50
2012.05.11 15:02:44.043,1.49404,1.49433,2.82,6.00
2012.05.11 15:02:45.400,1.49404,1.49431,1.13,3.00
2012.05.11 15:02:45.972,1.49402,1.49431,2.55,3.00
2012.05.11 15:02:48.026,1.49404,1.49431,1.43,1.50
2012.05.11 15:02:48.541,1.49403,1.49431,2.25,3.00
2012.05.11 15:02:49.722,1.49403,1.49431,3.19,3.00
2012.05.11 15:02:50.524,1.49405,1.49431,3.00,1.50
2012.05.11 15:02:50.594,1.49405,1.49431,2.25,1.50
2012.05.11 15:02:51.150,1.49405,1.49431,3.00,1.50
2012.05.11 15:02:51.691,1.49401,1.49431,2.63,3.19
2012.05.11 15:02:52.201,1.49402,1.49431,2.18,3.19
2012.05.11 15:02:53.015,1.49401,1.49428,1.13,2.25
2012.05.11 15:02:53.083,1.49401,1.49427,1.13,1.13
2012.05.11 15:02:53.152,1.49401,1.49428,1.13,2.25
2012.05.11 15:02:53.855,1.49401,1.49428,1.13,1.69
2012.05.11 15:02:54.166,1.49399,1.49424,2.25,1.50
2012.05.11 15:02:54.243,1.49398,1.49427,1.69,2.25
2012.05.11 15:02:54.587,1.49399,1.49428,1.50,2.25
2012.05.11 15:02:56.095,1.49401,1.4943,2.25,2.25
2012.05.11 15:02:56.645,1.49398,1.49425,2.44,1.50
2012.05.11 15:02:57.892,1.49398,1.49426,1.69,1.50
2012.05.11 15:02:57.961,1.49398,1.49428,1.69,1.50
2012.05.11 15:02:58.816,1.49398,1.49425,1.69,1.50
2012.05.11 15:02:58.897,1.49398,1.49425,1.69,1.50
2012.05.11 15:02:59.763,1.494,1.49427,1.13,2.25
2012.05.11 15:02:59.904,1.494,1.49431,4.05,3.00
2012.05.11 15:03:00.453,1.494,1.49427,4.43,1.50
2012.05.11 15:03:00.583,1.49401,1.49427,2.37,1.50
2012.05.11 15:03:00.784,1.49401,1.49428,1.69,1.50
2012.05.11 15:03:01.303,1.49399,1.49429,1.50,2.25
2012.05.11 15:03:02.389,1.494,1.49427,1.69,1.50
2012.05.11 15:03:02.463,1.49403,1.49431,1.50,1.50
2012.05.11 15:03:03.023,1.494,1.49429,4.99,1.50
2012.05.11 15:03:03.093,1.494,1.49429,4.24,1.50
2012.05.11 15:03:03.222,1.494,1.49426,1.32,1.50
2012.05.11 15:03:03.730,1.49399,1.49426,1.69,1.50
2012.05.11 15:03:04.575,1.494,1.49429,2.25,2.25
2012.05.11 15:03:07.215,1.49402,1.49427,1.50,1.50
2012.05.11 15:03:07.553,1.49398,1.49424,1.69,1.50
2012.05.11 15:03:07.623,1.49399,1.49426,1.69,2.25
2012.05.11 15:03:08.316,1.494,1.49427,1.13,2.25
2012.05.11 15:03:09.183,1.494,1.49427,2.07,2.25
2012.05.11 15:03:09.721,1.49399,1.49427,1.13,2.25
2012.05.11 15:03:14.083,1.49397,1.49424,2.63,1.50
2012.05.11 15:03:14.154,1.49397,1.49424,2.25,2.25
2012.05.11 15:03:19.801,1.49397,1.4942,1.50,1.50
2012.05.11 15:03:19.991,1.49397,1.49423,1.50,1.50
2012.05.11 15:03:22.613,1.49396,1.49423,1.69,3.00
2012.05.11 15:03:23.291,1.49396,1.4942,1.69,1.50
2012.05.11 15:03:27.222,1.49392,1.4942,1.50,3.00
2012.05.11 15:03:28.404,1.49394,1.4942,1.69,1.50
2012.05.11 15:03:29.674,1.4939,1.49415,1.50,2.25
2012.05.11 15:03:32.031,1.49387,1.49415,1.69,3.00
2012.05.11 15:03:33.330,1.49387,1.49414,1.50,1.50
2012.05.11 15:03:39.140,1.4939,1.49418,1.50,4.69
2012.05.11 15:03:39.286,1.49391,1.49418,3.00,2.25
2012.05.11 15:03:39.553,1.49395,1.49421,2.18,4.50
2012.05.11 15:03:39.871,1.49398,1.49421,2.25,4.50
2012.05.11 15:03:40.221,1.49395,1.49421,2.63,4.50
2012.05.11 15:03:43.832,1.49396,1.49421,2.25,4.50
2012.05.11 15:03:45.764,1.49397,1.49427,1.69,2.25
2012.05.11 15:03:45.908,1.49398,1.49426,3.87,2.25
2012.05.11 15:03:46.251,1.49399,1.49424,1.50,1.50
2012.05.11 15:03:46.325,1.49399,1.49427,1.50,3.94
2012.05.11 15:03:46.465,1.49397,1.49423,1.50,1.50
2012.05.11 15:03:47.014,1.49397,1.49423,1.50,2.44
2012.05.11 15:03:48.452,1.49397,1.49423,1.50,1.69
2012.05.11 15:03:48.784,1.49399,1.49426,2.25,3.19
2012.05.11 15:03:49.294,1.49399,1.49427,2.25,1.13
2012.05.11 15:03:49.873,1.49397,1.49425,3.00,2.44
2012.05.11 15:03:50.711,1.49397,1.49425,1.50,1.88
2012.05.11 15:03:51.260,1.49397,1.49425,1.50,1.88
2012.05.11 15:03:52.986,1.49397,1.49423,1.50,2.44
2012.05.11 15:03:53.055,1.49397,1.49421,1.50,4.69
2012.05.11 15:03:53.571,1.49392,1.49421,1.50,4.69
2012.05.11 15:03:53.783,1.49391,1.49421,1.88,5.44
2012.05.11 15:03:54.796,1.49391,1.49421,2.82,4.50
2012.05.11 15:03:56.378,1.49397,1.49421,1.50,4.50
2012.05.11 15:03:56.723,1.49397,1.49421,1.69,4.50
2012.05.11 15:03:57.396,1.49401,1.49429,1.50,2.25
2012.05.11 15:03:57.955,1.494,1.49429,1.50,3.19
2012.05.11 15:03:59.772,1.49401,1.49429,1.50,3.75
2012.05.11 15:04:00.323,1.49401,1.49425,1.50,1.50
2012.05.11 15:04:00.902,1.49401,1.49426,1.50,2.25
2012.05.11 15:04:01.168,1.49401,1.49431,3.00,2.25
2012.05.11 15:04:01.815,1.49403,1.49432,2.44,1.06
2012.05.11 15:04:04.054,1.49402,1.49428,1.69,1.50
2012.05.11 15:04:04.597,1.49405,1.49432,1.50,2.25
2012.05.11 15:04:04.920,1.49406,1.49433,1.50,1.69
2012.05.11 15:04:04.997,1.49406,1.49433,1.50,1.69
2012.05.11 15:04:05.414,1.49406,1.49428,1.50,1.50
2012.05.11 15:04:05.549,1.49406,1.49433,1.50,2.25
2012.05.11 15:04:06.063,1.49404,1.49433,1.13,3.19
2012.05.11 15:04:06.321,1.49404,1.49433,1.13,3.19
2012.05.11 15:04:07.950,1.49404,1.4943,1.13,1.50
2012.05.11 15:04:09.075,1.49404,1.49431,1.13,3.00
2012.05.11 15:04:11.922,1.49406,1.49433,1.50,2.25
2012.05.11 15:04:12.261,1.49406,1.4943,1.50,1.50
2012.05.11 15:04:12.333,1.49406,1.49434,1.50,3.19
2012.05.11 15:04:13.445,1.49404,1.49432,1.32,1.50
2012.05.11 15:04:16.211,1.49401,1.4943,4.13,1.50
2012.05.11 15:04:16.533,1.49406,1.4943,1.50,1.50
2012.05.11 15:04:17.062,1.49404,1.49431,1.13,2.25
2012.05.11 15:04:18.446,1.49404,1.49431,1.13,3.00
2012.05.11 15:04:20.341,1.49404,1.49431,1.13,2.25
2012.05.11 15:04:23.030,1.49404,1.4943,1.13,1.50
2012.05.11 15:04:23.620,1.49404,1.49432,1.13,1.50
2012.05.11 15:04:28.494,1.49403,1.49432,2.82,1.50
2012.05.11 15:04:31.191,1.49405,1.49432,1.50,1.50
2012.05.11 15:04:32.252,1.49403,1.49431,1.13,2.25
2012.05.11 15:04:35.590,1.49405,1.49434,1.50,4.50
2012.05.11 15:04:36.861,1.49403,1.49431,1.32,3.00
2012.05.11 15:04:39.576,1.49406,1.49431,1.69,1.50
2012.05.11 15:04:39.902,1.49406,1.49433,3.19,1.50
2012.05.11 15:04:39.973,1.49406,1.49431,1.69,1.50
2012.05.11 15:04:40.112,1.49406,1.49434,1.69,2.25
2012.05.11 15:04:41.318,1.49408,1.49435,1.50,1.50
2012.05.11 15:04:41.743,1.49407,1.49435,2.25,2.25
2012.05.11 15:04:42.105,1.49407,1.49431,1.50,1.50
2012.05.11 15:04:42.182,1.49402,1.49431,3.00,1.50
2012.05.11 15:04:42.884,1.49402,1.49428,1.50,1.50
2012.05.11 15:04:43.424,1.49401,1.49428,1.50,1.69
2012.05.11 15:04:43.822,1.49402,1.49432,3.19,1.50
2012.05.11 15:04:45.812,1.49402,1.49431,3.19,2.25
2012.05.11 15:04:47.271,1.49402,1.49431,3.19,2.25
2012.05.11 15:04:47.791,1.49406,1.49431,1.50,2.25
2012.05.11 15:04:47.980,1.49402,1.49431,2.63,2.25
2012.05.11 15:04:48.874,1.49404,1.49431,1.50,2.25
2012.05.11 15:04:49.249,1.49409,1.49435,1.50,1.50
2012.05.11 15:04:49.395,1.49409,1.49435,1.50,1.50
2012.05.11 15:04:49.605,1.49409,1.49435,2.63,1.50
2012.05.11 15:04:49.955,1.49403,1.4943,2.07,1.50
2012.05.11 15:04:50.225,1.49409,1.49433,1.50,1.50
2012.05.11 15:04:50.502,1.49409,1.49435,2.44,1.50
2012.05.11 15:04:50.784,1.49411,1.49437,2.63,4.50
2012.05.11 15:04:51.228,1.49411,1.49441,3.75,1.50
2012.05.11 15:04:51.773,1.49413,1.49443,1.69,1.50
2012.05.11 15:04:52.301,1.49414,1.49443,1.50,2.25
2012.05.11 15:04:52.992,1.49412,1.4944,3.94,2.25
2012.05.11 15:04:54.334,1.49412,1.4944,3.75,2.25
2012.05.11 15:04:55.306,1.49412,1.4944,3.94,2.25
2012.05.11 15:04:56.456,1.49412,1.4944,3.00,2.25
2012.05.11 15:04:56.526,1.49412,1.4944,2.25,2.25
2012.05.11 15:04:56.877,1.49406,1.49434,2.25,2.25
2012.05.11 15:04:57.484,1.49408,1.49437,2.25,5.25
2012.05.11 15:04:57.698,1.49407,1.49435,2.25,2.00
2012.05.11 15:04:57.918,1.49405,1.49428,1.13,1.50
2012.05.11 15:04:58.000,1.49401,1.49427,3.68,2.25
2012.05.11 15:04:58.075,1.49401,1.49425,1.50,5.56
2012.05.11 15:04:58.508,1.494,1.49418,1.50,1.50
2012.05.11 15:04:58.866,1.49393,1.4942,1.50,2.25
2012.05.11 15:04:59.016,1.49391,1.4942,2.44,2.25
2012.05.11 15:05:01.822,1.49391,1.49419,2.25,1.84
2012.05.11 15:05:02.094,1.49389,1.49416,1.69,2.25
2012.05.11 15:05:02.294,1.49389,1.49416,2.25,2.25
2012.05.11 15:05:02.731,1.4939,1.49419,1.69,1.50
2012.05.11 15:05:02.803,1.49393,1.4942,1.69,1.50
2012.05.11 15:05:03.126,1.49393,1.4942,2.25,1.50
2012.05.11 15:05:03.722,1.49393,1.4942,1.50,1.50
2012.05.11 15:05:03.794,1.49391,1.4942,2.44,2.25
2012.05.11 15:05:08.623,1.49392,1.4942,1.50,2.44
2012.05.11 15:05:09.601,1.49392,1.4942,1.50,2.25
2012.05.11 15:05:10.741,1.49392,1.4942,2.25,2.44
2012.05.11 15:05:11.052,1.49392,1.49416,1.50,1.50
2012.05.11 15:05:11.226,1.49392,1.49418,1.50,1.50
2012.05.11 15:05:11.766,1.49393,1.49419,1.50,1.50
2012.05.11 15:05:11.906,1.49393,1.49422,1.50,2.25
2012.05.11 15:05:12.262,1.49399,1.49422,5.70,1.50
2012.05.11 15:05:12.617,1.49402,1.49422,1.50,1.50
2012.05.11 15:05:12.765,1.49403,1.49427,2.18,1.50
2012.05.11 15:05:13.080,1.49403,1.49433,2.18,2.44
2012.05.11 15:05:13.161,1.49407,1.49432,1.50,2.44
2012.05.11 15:05:14.134,1.49405,1.49435,2.25,4.09
2012.05.11 15:05:14.274,1.49403,1.49432,2.25,2.44
2012.05.11 15:05:14.612,1.49403,1.49432,2.25,3.94
2012.05.11 15:05:14.923,1.49402,1.49427,1.50,1.50
2012.05.11 15:05:15.391,1.49403,1.49427,2.18,1.50
2012.05.11 15:05:15.768,1.49402,1.49432,3.94,1.50
2012.05.11 15:05:15.846,1.49406,1.49429,1.50,1.50
2012.05.11 15:05:16.134,1.49402,1.4943,3.53,1.50
2012.05.11 15:05:16.205,1.49402,1.4943,3.19,2.25
2012.05.11 15:05:16.334,1.49404,1.4943,1.88,2.25
2012.05.11 15:05:16.477,1.49407,1.49433,1.88,1.50
2012.05.11 15:05:16.553,1.49407,1.49433,3.38,1.50
2012.05.11 15:05:16.623,1.4941,1.49435,2.25,1.50
2012.05.11 15:05:17.335,1.4941,1.49437,2.63,5.25
2012.05.11 15:05:17.583,1.4941,1.49437,2.63,4.50
2012.05.11 15:05:18.655,1.49406,1.49435,2.25,2.00
2012.05.11 15:05:19.204,1.49407,1.49435,2.25,2.44
2012.05.11 15:05:19.484,1.49409,1.49437,2.25,7.09
2012.05.11 15:05:19.811,1.49413,1.49437,1.50,4.50
2012.05.11 15:05:20.842,1.49413,1.49437,1.50,4.50
2012.05.11 15:05:21.985,1.49412,1.49437,1.69,4.50
2012.05.11 15:05:22.431,1.49414,1.49437,2.25,4.50
2012.05.11 15:05:26.734,1.49412,1.49438,2.25,1.50
2012.05.11 15:05:26.807,1.49413,1.49441,2.18,2.59
2012.05.11 15:05:26.881,1.49413,1.49441,2.18,2.59
2012.05.11 15:05:27.417,1.49412,1.49437,2.25,1.50
2012.05.11 15:05:27.820,1.49413,1.4944,3.68,1.50
2012.05.11 15:05:27.893,1.49416,1.49443,1.50,1.50
2012.05.11 15:05:28.024,1.49412,1.49442,3.19,1.09
2012.05.11 15:05:28.095,1.49412,1.49441,3.19,1.50
2012.05.11 15:05:28.448,1.49401,1.4943,3.75,1.50
2012.05.11 15:05:28.662,1.49401,1.4943,3.00,3.75
2012.05.11 15:05:28.862,1.49401,1.4943,3.00,4.81
2012.05.11 15:05:29.213,1.49401,1.49426,1.69,1.50
2012.05.11 15:05:29.553,1.49401,1.49423,3.68,1.50
2012.05.11 15:05:29.624,1.49401,1.49428,3.68,1.84
2012.05.11 15:05:30.352,1.49401,1.49426,1.69,1.50
2012.05.11 15:05:30.812,1.49401,1.49423,1.69,1.50
2012.05.11 15:05:31.253,1.49401,1.49427,1.69,1.84
2012.05.11 15:05:31.397,1.49401,1.49431,2.44,2.25
2012.05.11 15:05:31.475,1.49407,1.49431,1.50,1.50
2012.05.11 15:05:32.014,1.49405,1.49431,1.50,1.50
2012.05.11 15:05:33.834,1.49407,1.49432,1.50,1.50
2012.05.11 15:05:34.649,1.49407,1.49433,1.50,2.25
2012.05.11 15:05:35.613,1.49401,1.49431,3.94,1.50
2012.05.11 15:05:35.962,1.49402,1.49431,1.69,1.50
2012.05.11 15:05:37.825,1.49406,1.49431,1.50,1.50
2012.05.11 15:05:38.646,1.49401,1.49431,3.19,1.50
2012.05.11 15:05:40.970,1.49406,1.49433,1.50,3.00
2012.05.11 15:05:41.111,1.49406,1.49433,1.50,2.25
2012.05.11 15:05:42.732,1.49407,1.49433,3.00,1.50
2012.05.11 15:05:43.282,1.49407,1.49435,3.00,5.44
2012.05.11 15:05:44.362,1.49404,1.49431,1.50,1.50
2012.05.11 15:05:44.502,1.49404,1.49431,1.50,2.25
2012.05.11 15:05:45.376,1.49402,1.49431,1.13,2.63
2012.05.11 15:05:46.933,1.49402,1.49431,1.88,2.44
2012.05.11 15:05:50.381,1.49402,1.4943,2.07,1.50
2012.05.11 15:05:52.854,1.49403,1.49432,2.44,2.25
2012.05.11 15:05:52.922,1.49403,1.49432,2.44,1.50
2012.05.11 15:05:53.681,1.49406,1.49435,3.00,4.50
2012.05.11 15:05:54.517,1.49408,1.49435,3.38,4.50
2012.05.11 15:05:55.182,1.49412,1.49441,1.50,2.25
2012.05.11 15:05:55.253,1.49412,1.49441,1.50,2.25
2012.05.11 15:05:55.323,1.49412,1.49441,1.69,2.25
2012.05.11 15:05:55.803,1.49412,1.49437,2.44,1.50
2012.05.11 15:05:57.166,1.49412,1.4944,1.69,1.50
2012.05.11 15:05:58.452,1.49416,1.4944,1.13,1.50
2012.05.11 15:05:59.078,1.49415,1.4944,1.13,2.25
2012.05.11 15:05:59.275,1.49414,1.4944,1.13,3.75
2012.05.11 15:05:59.813,1.49413,1.4944,2.07,2.25
2012.05.11 15:06:00.514,1.49413,1.49437,1.13,1.50
2012.05.11 15:06:00.837,1.49414,1.49439,1.69,3.75
2012.05.11 15:06:01.461,1.49413,1.49439,2.07,2.25
2012.05.11 15:06:04.144,1.49413,1.49439,2.07,2.25
2012.05.11 15:06:04.356,1.4941,1.49433,5.25,1.50
2012.05.11 15:06:07.305,1.4941,1.49431,4.50,1.50
2012.05.11 15:06:11.025,1.4941,1.4943,4.50,1.50
2012.05.11 15:06:12.833,1.4941,1.49434,4.50,2.25
2012.05.11 15:06:14.474,1.4941,1.49431,4.50,1.50
2012.05.11 15:06:19.511,1.4941,1.49428,4.50,1.50
2012.05.11 15:06:21.488,1.4941,1.49431,4.50,2.25
2012.05.11 15:06:21.571,1.49401,1.49429,3.19,1.50
2012.05.11 15:06:24.107,1.49402,1.49431,3.19,2.25
2012.05.11 15:06:24.445,1.494,1.49428,2.63,2.25
2012.05.11 15:06:24.751,1.49402,1.4943,2.44,2.25
2012.05.11 15:06:25.292,1.49402,1.4943,2.44,3.00
2012.05.11 15:06:27.834,1.49404,1.49432,2.25,1.50
2012.05.11 15:06:27.902,1.49403,1.49427,1.50,1.50
2012.05.11 15:06:28.223,1.494,1.49427,2.44,2.25
2012.05.11 15:06:29.243,1.494,1.49425,2.44,1.50
2012.05.11 15:06:29.961,1.494,1.49428,2.44,1.50
2012.05.11 15:06:33.562,1.49401,1.49428,1.50,3.00
2012.05.11 15:06:34.995,1.494,1.49428,1.50,3.00
2012.05.11 15:06:35.344,1.49393,1.49419,1.50,4.50
2012.05.11 15:06:41.902,1.49393,1.49419,3.19,4.50
2012.05.11 15:06:50.512,1.49396,1.49419,1.50,4.50
2012.05.11 15:06:51.351,1.49395,1.49419,1.69,4.50
2012.05.11 15:06:53.380,1.49396,1.49419,2.25,4.50
2012.05.11 15:06:55.856,1.49395,1.49419,1.13,4.50
2012.05.11 15:06:59.125,1.49395,1.49419,1.13,4.50
2012.05.11 15:07:02.365,1.49395,1.49419,1.88,4.50
2012.05.11 15:07:03.900,1.49392,1.49419,2.63,4.50
2012.05.11 15:07:04.444,1.49395,1.49419,1.13,4.50
2012.05.11 15:07:07.138,1.49392,1.49418,1.88,3.00
2012.05.11 15:07:07.693,1.49392,1.49416,1.50,1.50
2012.05.11 15:07:08.213,1.49396,1.49419,1.13,4.50
2012.05.11 15:07:09.143,1.49393,1.49419,1.69,4.50
2012.05.11 15:07:09.875,1.49396,1.49419,1.13,4.50
2012.05.11 15:07:12.712,1.49395,1.4942,2.25,2.25
2012.05.11 15:07:15.446,1.49396,1.49419,1.13,1.50
2012.05.11 15:07:15.514,1.49395,1.49419,1.69,1.50
2012.05.11 15:07:16.040,1.49395,1.49422,1.69,2.25
2012.05.11 15:07:20.072,1.49395,1.49422,1.69,2.25
2012.05.11 15:07:22.059,1.49395,1.49422,1.50,2.25
2012.05.11 15:07:24.190,1.49395,1.49419,1.50,1.50
2012.05.11 15:07:26.044,1.49394,1.49419,2.25,1.50
2012.05.11 15:07:26.671,1.49394,1.49419,2.63,1.50
2012.05.11 15:07:27.395,1.49394,1.49419,1.69,1.50
2012.05.11 15:07:27.994,1.49395,1.49418,1.50,2.25
2012.05.11 15:07:30.433,1.49395,1.49419,1.50,2.25
2012.05.11 15:07:32.203,1.49394,1.49418,1.50,1.50
2012.05.11 15:07:32.950,1.49394,1.49417,1.50,1.50
2012.05.11 15:07:33.027,1.49394,1.49418,1.50,3.00
2012.05.11 15:07:33.318,1.49386,1.49413,3.00,1.50
2012.05.11 15:07:33.398,1.49386,1.49413,3.00,2.25
2012.05.11 15:07:33.544,1.49383,1.49411,3.19,1.50
2012.05.11 15:07:33.899,1.49385,1.49408,1.50,2.25
2012.05.11 15:07:33.979,1.49385,1.49408,1.50,1.50
2012.05.11 15:07:34.130,1.49382,1.49408,2.25,2.25
2012.05.11 15:07:34.549,1.49384,1.49408,1.50,1.50
2012.05.11 15:07:34.629,1.49382,1.4941,3.00,1.50
2012.05.11 15:07:35.096,1.49384,1.49411,2.25,2.25
2012.05.11 15:07:35.443,1.49392,1.49412,1.50,1.06
2012.05.11 15:07:35.512,1.49386,1.49413,2.16,1.50
2012.05.11 15:07:35.714,1.49385,1.49413,1.41,1.50
2012.05.11 15:07:36.606,1.49382,1.49411,4.50,2.25
2012.05.11 15:07:37.118,1.49382,1.49411,2.44,2.25
2012.05.11 15:07:37.552,1.49382,1.49411,2.63,2.25
2012.05.11 15:07:38.725,1.49382,1.49411,2.25,2.25
2012.05.11 15:07:39.505,1.49381,1.49406,1.69,1.50
2012.05.11 15:07:39.972,1.49381,1.49409,2.44,3.00
2012.05.11 15:07:40.320,1.49381,1.49406,2.44,1.50
2012.05.11 15:07:40.673,1.49381,1.49409,3.94,3.00
2012.05.11 15:07:42.357,1.49384,1.4941,1.50,1.09
2012.05.11 15:07:42.714,1.49384,1.4941,2.44,1.09
2012.05.11 15:07:45.002,1.49383,1.4941,1.69,1.09
2012.05.11 15:07:45.640,1.49386,1.49413,1.69,2.48
2012.05.11 15:07:45.772,1.49387,1.49413,3.19,1.50
2012.05.11 15:07:46.104,1.49389,1.49416,1.69,1.50
2012.05.11 15:07:46.731,1.49389,1.49417,1.69,1.09
2012.05.11 15:07:48.023,1.49389,1.49417,2.25,1.09
2012.05.11 15:07:48.459,1.49389,1.49417,3.00,1.09
2012.05.11 15:07:48.963,1.49388,1.49417,2.25,2.25
2012.05.11 15:07:50.475,1.49387,1.49416,1.50,3.00
2012.05.11 15:07:50.804,1.49388,1.49416,2.18,2.25
2012.05.11 15:07:52.758,1.49388,1.49416,2.18,3.00
2012.05.11 15:07:53.585,1.49385,1.49416,2.44,3.00
2012.05.11 15:07:55.344,1.49386,1.49415,3.94,1.50
2012.05.11 15:07:57.774,1.49388,1.49416,2.25,1.50
2012.05.11 15:07:58.313,1.49388,1.49417,2.44,2.25
2012.05.11 15:08:04.781,1.49387,1.49418,2.25,7.58
2012.05.11 15:08:05.313,1.49391,1.49418,1.69,6.34
2012.05.11 15:08:05.653,1.49393,1.49418,1.13,6.34
2012.05.11 15:08:07.927,1.49391,1.49418,1.69,6.34
2012.05.11 15:08:08.266,1.49391,1.49418,1.69,4.84
2012.05.11 15:08:15.524,1.4939,1.49418,3.68,4.50
2012.05.11 15:08:16.074,1.49391,1.49418,2.44,4.50
2012.05.11 15:08:18.103,1.4939,1.49418,2.44,4.50
2012.05.11 15:08:18.173,1.49391,1.49418,1.69,4.50
2012.05.11 15:08:18.244,1.49394,1.4942,3.00,1.06
2012.05.11 15:08:18.313,1.49395,1.4942,1.50,1.06
2012.05.11 15:08:18.833,1.49394,1.4942,3.75,1.06
2012.05.11 15:08:18.976,1.49397,1.49423,2.25,1.17
2012.05.11 15:08:19.366,1.49397,1.49426,3.00,2.44
2012.05.11 15:08:19.504,1.49397,1.49426,3.00,1.69
2012.05.11 15:08:20.228,1.49397,1.49423,2.44,1.50
2012.05.11 15:08:20.700,1.49397,1.49427,2.44,2.63
2012.05.11 15:08:22.773,1.49398,1.49422,1.13,1.50
2012.05.11 15:08:22.961,1.49397,1.49424,2.44,1.50
2012.05.11 15:08:23.031,1.49397,1.49426,2.44,1.50
2012.05.11 15:08:25.786,1.49397,1.49426,2.44,1.50
2012.05.11 15:08:26.724,1.49402,1.49428,1.50,2.25
2012.05.11 15:08:31.416,1.49402,1.49428,1.50,2.25
2012.05.11 15:08:31.744,1.49402,1.4943,3.00,5.18
2012.05.11 15:08:42.542,1.49404,1.49429,2.37,1.06
2012.05.11 15:08:45.542,1.49404,1.49429,2.55,1.06
2012.05.11 15:08:47.423,1.49402,1.4943,3.19,5.25
2012.05.11 15:08:49.006,1.49403,1.4943,1.50,5.25
2012.05.11 15:08:51.282,1.49403,1.49429,2.37,2.25
2012.05.11 15:08:51.591,1.49402,1.49426,1.69,1.50
2012.05.11 15:08:52.981,1.49402,1.49426,1.50,1.50
2012.05.11 15:08:53.518,1.49402,1.49425,1.50,1.50
2012.05.11 15:08:54.746,1.49402,1.49427,2.93,1.50
2012.05.11 15:08:55.282,1.49403,1.4943,2.18,6.00
2012.05.11 15:08:55.623,1.49403,1.4943,1.69,4.50
2012.05.11 15:08:55.974,1.494,1.49427,2.18,1.13
2012.05.11 15:08:57.195,1.49399,1.49427,2.25,1.69
2012.05.11 15:08:57.407,1.49402,1.49429,2.25,2.25
2012.05.11 15:09:00.183,1.49402,1.49428,2.25,1.69
2012.05.11 15:09:00.456,1.49395,1.49423,2.74,1.50
2012.05.11 15:09:00.524,1.49395,1.49421,1.32,1.50
2012.05.11 15:09:00.725,1.49394,1.49424,1.69,2.25
2012.05.11 15:09:01.053,1.49394,1.4942,1.50,1.50
2012.05.11 15:09:01.182,1.49394,1.49423,3.00,1.50
2012.05.11 15:09:01.381,1.49395,1.49423,2.18,1.50
2012.05.11 15:09:01.946,1.49396,1.49426,2.25,1.13
2012.05.11 15:09:02.617,1.49396,1.49427,2.25,3.19
2012.05.11 15:09:03.155,1.49404,1.49427,1.43,3.00
2012.05.11 15:09:03.363,1.49402,1.49428,1.43,1.50
2012.05.11 15:09:03.435,1.49402,1.49428,2.18,1.50
2012.05.11 15:09:03.775,1.494,1.49428,2.25,2.25
2012.05.11 15:09:04.056,1.49402,1.49428,2.18,1.50
2012.05.11 15:09:04.126,1.49401,1.49427,2.93,1.50
2012.05.11 15:09:04.463,1.49402,1.49427,1.50,1.50
2012.05.11 15:09:04.906,1.49405,1.4943,2.18,6.00
2012.05.11 15:09:05.914,1.49401,1.4943,2.18,6.00
2012.05.11 15:09:10.264,1.49407,1.4943,2.93,4.50
2012.05.11 15:09:12.093,1.49403,1.4943,2.25,4.50
2012.05.11 15:09:12.774,1.49402,1.49429,4.05,1.13
2012.05.11 15:09:13.315,1.49404,1.4943,2.44,4.50
2012.05.11 15:09:13.841,1.49404,1.4943,3.19,4.50
2012.05.11 15:09:14.382,1.49411,1.49436,1.50,1.06
2012.05.11 15:09:14.943,1.49411,1.49438,1.50,3.19
2012.05.11 15:09:16.007,1.49409,1.49438,2.18,3.19
2012.05.11 15:09:16.084,1.49409,1.49434,2.18,2.25
2012.05.11 15:09:16.696,1.49407,1.49436,2.25,3.00
2012.05.11 15:09:17.117,1.49407,1.49436,2.25,3.19
2012.05.11 15:09:17.560,1.494,1.49429,2.25,1.69
2012.05.11 15:09:17.639,1.494,1.49429,2.25,2.00
2012.05.11 15:09:18.364,1.494,1.49429,3.00,1.50
2012.05.11 15:09:18.435,1.49407,1.49431,1.50,6.75
2012.05.11 15:09:18.786,1.49411,1.49435,1.43,3.60
2012.05.11 15:09:18.925,1.49411,1.49435,2.18,3.04
2012.05.11 15:09:19.277,1.49415,1.49439,3.00,2.00
2012.05.11 15:09:19.496,1.49417,1.49442,1.50,3.23
2012.05.11 15:09:19.782,1.49415,1.49441,2.18,1.13
2012.05.11 15:09:19.858,1.49409,1.49439,3.38,1.69
2012.05.11 15:09:20.408,1.49411,1.4944,1.69,2.25
2012.05.11 15:09:20.555,1.49413,1.49441,2.25,1.50
2012.05.11 15:09:20.768,1.49413,1.49442,2.25,1.50
2012.05.11 15:09:21.118,1.49409,1.49437,1.50,1.50
2012.05.11 15:09:21.474,1.49409,1.49435,1.50,2.25
2012.05.11 15:09:21.842,1.49409,1.49437,1.50,1.50
2012.05.11 15:09:21.984,1.49409,1.49437,1.50,1.88
2012.05.11 15:09:23.906,1.49411,1.49439,2.44,2.59
2012.05.11 15:09:24.044,1.49412,1.4944,1.50,3.34
2012.05.11 15:09:24.627,1.49412,1.4944,1.50,3.00
2012.05.11 15:09:24.975,1.49412,1.49436,2.93,1.50
2012.05.11 15:09:25.614,1.49409,1.49436,1.50,1.50
2012.05.11 15:09:26.286,1.49409,1.49436,1.50,1.69
2012.05.11 15:09:26.870,1.49409,1.49436,1.50,1.69
2012.05.11 15:09:28.414,1.49409,1.49433,1.50,1.50
2012.05.11 15:09:28.673,1.49409,1.49435,1.69,1.50
2012.05.11 15:09:28.804,1.49409,1.49439,1.69,1.50
2012.05.11 15:09:28.931,1.49409,1.49439,1.50,2.25
2012.05.11 15:09:29.004,1.49411,1.49439,1.50,1.50
2012.05.11 15:09:29.071,1.49411,1.49439,1.50,1.50
2012.05.11 15:09:33.141,1.49411,1.49439,1.69,2.25
2012.05.11 15:09:33.212,1.49411,1.49439,1.50,1.50
2012.05.11 15:09:34.235,1.4941,1.49439,1.50,1.84
2012.05.11 15:09:36.111,1.4941,1.49439,2.25,2.59
2012.05.11 15:09:36.301,1.49412,1.49439,3.12,1.84
2012.05.11 15:09:37.251,1.49412,1.49441,4.62,3.38
2012.05.11 15:09:39.935,1.49412,1.4944,5.18,1.81
2012.05.11 15:09:40.303,1.49412,1.4944,3.00,3.68
2012.05.11 15:09:40.888,1.49412,1.4944,1.50,2.25
2012.05.11 15:09:41.256,1.49408,1.49432,2.25,4.50
2012.05.11 15:09:41.513,1.49412,1.49432,1.50,4.50
2012.05.11 15:09:41.583,1.49408,1.49432,2.44,4.50
2012.05.11 15:09:42.133,1.49406,1.49432,2.93,4.50
2012.05.11 15:09:42.484,1.49412,1.49432,1.50,4.50
2012.05.11 15:09:43.035,1.49416,1.49432,1.50,4.50
2012.05.11 15:09:45.640,1.49409,1.49432,2.18,4.50
2012.05.11 15:09:46.322,1.49409,1.49432,2.18,4.50
2012.05.11 15:09:48.475,1.49411,1.4943,1.50,2.25
2012.05.11 15:09:48.872,1.49399,1.49426,1.50,1.50
2012.05.11 15:09:48.946,1.49399,1.49426,1.50,1.50
2012.05.11 15:09:49.352,1.49398,1.49423,2.93,1.50
2012.05.11 15:09:49.841,1.49398,1.49428,2.93,1.69
2012.05.11 15:09:51.211,1.49398,1.49428,2.93,1.69
2012.05.11 15:09:52.254,1.49398,1.49428,2.93,1.69
2012.05.11 15:09:52.839,1.49401,1.49428,1.50,1.69
2012.05.11 15:09:56.415,1.49399,1.49428,3.68,1.50
2012.05.11 15:09:56.484,1.49402,1.49431,2.25,2.44
2012.05.11 15:09:56.612,1.49399,1.49428,5.18,1.50
2012.05.11 15:09:58.063,1.49402,1.49431,2.44,3.75
2012.05.11 15:10:00.834,1.494,1.49429,3.00,1.69
2012.05.11 15:10:02.333,1.49398,1.49429,3.00,2.25
2012.05.11 15:10:03.447,1.49401,1.49423,1.50,1.50
2012.05.11 15:10:03.527,1.49398,1.49422,1.69,1.50
2012.05.11 15:10:03.735,1.49399,1.49422,2.18,1.50
2012.05.11 15:10:04.066,1.49402,1.49425,1.50,1.69
2012.05.11 15:10:04.544,1.49405,1.49424,1.50,1.50
2012.05.11 15:10:05.123,1.49401,1.49427,1.50,1.50
2012.05.11 15:10:05.447,1.49399,1.4942,2.18,4.50
2012.05.11 15:10:05.597,1.49398,1.4942,2.25,4.50
2012.05.11 15:10:06.162,1.494,1.4942,1.50,4.50
2012.05.11 15:10:06.291,1.49396,1.4942,1.50,4.50
2012.05.11 15:10:06.756,1.49397,1.4942,1.50,4.50
2012.05.11 15:10:07.262,1.49397,1.4942,1.50,6.00
2012.05.11 15:10:07.464,1.49397,1.4942,1.50,4.50
2012.05.11 15:10:08.453,1.49398,1.4942,2.18,4.50
2012.05.11 15:10:08.671,1.49398,1.4942,1.50,4.50
2012.05.11 15:10:09.374,1.49398,1.4942,2.18,4.50
2012.05.11 15:10:09.443,1.49398,1.4942,2.18,4.50
2012.05.11 15:10:10.001,1.49399,1.4942,2.18,4.50
2012.05.11 15:10:28.831,1.49396,1.4942,1.50,4.50
2012.05.11 15:10:28.901,1.49401,1.4942,1.43,4.50
2012.05.11 15:10:29.112,1.49398,1.4942,2.18,4.50
2012.05.11 15:10:33.797,1.49399,1.4942,1.50,4.50
2012.05.11 15:10:37.222,1.49399,1.49419,2.18,2.25
2012.05.11 15:10:37.570,1.49396,1.49416,1.50,1.50
2012.05.11 15:10:38.093,1.49396,1.49416,1.50,1.50
2012.05.11 15:10:38.417,1.49396,1.49419,1.50,2.25
2012.05.11 15:10:38.734,1.49396,1.4942,1.69,4.50
2012.05.11 15:10:39.253,1.494,1.4942,1.69,4.50
2012.05.11 15:10:42.742,1.49396,1.4942,1.50,4.50
2012.05.11 15:10:43.263,1.49396,1.4942,1.50,4.50
2012.05.11 15:10:45.874,1.49401,1.4942,1.50,4.50
2012.05.11 15:10:47.881,1.49401,1.4942,1.50,4.50
2012.05.11 15:10:48.133,1.49396,1.4942,1.50,4.50
2012.05.11 15:10:48.962,1.49396,1.4942,1.50,4.50
2012.05.11 15:10:51.045,1.494,1.4942,1.50,4.50
2012.05.11 15:10:55.803,1.494,1.4942,1.50,4.50
2012.05.11 15:10:56.844,1.49397,1.4942,2.93,4.50
2012.05.11 15:10:56.912,1.494,1.4942,1.50,4.50
2012.05.11 15:10:56.984,1.49397,1.4942,1.50,4.50
2012.05.11 15:10:57.525,1.49397,1.4942,2.63,4.50
2012.05.11 15:10:58.597,1.49398,1.49422,1.69,1.50
2012.05.11 15:10:58.673,1.49398,1.49425,1.69,1.50
2012.05.11 15:10:59.225,1.49402,1.49426,1.50,1.50
2012.05.11 15:10:59.786,1.49401,1.49423,1.50,1.50
2012.05.11 15:11:00.313,1.49398,1.49422,1.50,1.50
2012.05.11 15:11:00.656,1.49397,1.49419,1.50,1.50
2012.05.11 15:11:08.365,1.49391,1.49416,2.93,1.50
2012.05.11 15:11:08.506,1.49391,1.49416,2.93,1.50
2012.05.11 15:11:08.703,1.49391,1.49412,1.50,1.50
2012.05.11 15:11:09.264,1.49391,1.49414,1.50,3.00
2012.05.11 15:11:10.886,1.4939,1.49414,1.50,2.44
2012.05.11 15:11:11.166,1.49392,1.49418,1.50,2.07
2012.05.11 15:11:11.704,1.49391,1.49417,1.50,1.88
2012.05.11 15:11:11.914,1.4939,1.49415,1.50,2.44
2012.05.11 15:11:12.269,1.49387,1.49411,1.50,1.50
2012.05.11 15:11:12.473,1.4939,1.49413,1.50,1.50
2012.05.11 15:11:12.544,1.49387,1.4941,1.50,1.50
2012.05.11 15:11:12.618,1.49387,1.49412,1.50,2.25
2012.05.11 15:11:12.889,1.49389,1.49414,1.50,1.50
2012.05.11 15:11:12.970,1.49389,1.49411,1.50,1.50
2012.05.11 15:11:13.932,1.49387,1.49411,1.50,1.50
2012.05.11 15:11:14.654,1.49387,1.49411,1.50,1.50
2012.05.11 15:11:14.726,1.49386,1.49407,1.50,1.50
2012.05.11 15:11:14.864,1.49386,1.49412,1.50,1.50
2012.05.11 15:11:15.066,1.49386,1.49414,3.19,1.13
2012.05.11 15:11:15.205,1.49386,1.49413,1.69,1.50
2012.05.11 15:11:15.614,1.49392,1.49413,1.50,1.50
2012.05.11 15:11:16.493,1.49392,1.49418,1.50,2.25
2012.05.11 15:11:16.565,1.49392,1.49415,1.50,1.50
2012.05.11 15:11:17.113,1.49392,1.49414,1.50,1.50
2012.05.11 15:11:17.375,1.49392,1.49414,1.50,1.50
2012.05.11 15:11:19.374,1.49392,1.49414,1.50,1.50
2012.05.11 15:11:21.365,1.49392,1.49416,1.50,1.50
2012.05.11 15:11:24.315,1.49394,1.49413,1.50,1.50
2012.05.11 15:11:24.872,1.49394,1.49414,1.50,1.50
2012.05.11 15:11:25.373,1.49394,1.49415,1.50,1.50
2012.05.11 15:11:28.625,1.49392,1.49415,3.12,1.50
2012.05.11 15:11:29.073,1.49392,1.49417,3.12,1.06
2012.05.11 15:11:29.578,1.49394,1.49414,1.50,1.50
2012.05.11 15:11:29.729,1.49399,1.49424,1.50,1.50
2012.05.11 15:11:29.877,1.49401,1.49419,1.50,1.50
2012.05.11 15:11:31.612,1.49402,1.49423,2.18,1.50
2012.05.11 15:11:32.145,1.49401,1.49423,3.12,1.50
2012.05.11 15:11:32.662,1.49401,1.49423,1.69,1.50
2012.05.11 15:11:32.974,1.49401,1.49421,1.69,1.50
2012.05.11 15:11:33.513,1.49401,1.49423,1.69,1.50
2012.05.11 15:11:34.332,1.49401,1.49421,1.69,1.50
2012.05.11 15:11:34.675,1.49401,1.49419,1.69,1.50
2012.05.11 15:11:35.001,1.49401,1.49419,2.93,1.50
2012.05.11 15:11:35.171,1.49401,1.49423,2.93,1.50
2012.05.11 15:11:35.303,1.49401,1.49425,2.93,1.50
2012.05.11 15:11:36.083,1.49401,1.49426,3.12,1.50
2012.05.11 15:11:36.895,1.49404,1.49426,1.50,1.50
2012.05.11 15:11:37.035,1.49407,1.4943,1.50,1.50
2012.05.11 15:11:37.565,1.49403,1.4943,2.18,1.50
2012.05.11 15:11:38.688,1.49402,1.49426,2.18,1.50
2012.05.11 15:11:38.835,1.49399,1.49423,1.50,1.50
2012.05.11 15:11:38.905,1.49399,1.49419,1.50,1.50
2012.05.11 15:11:39.252,1.49399,1.49417,1.50,1.50
2012.05.11 15:11:42.145,1.49399,1.4942,1.50,1.50
2012.05.11 15:11:42.285,1.49399,1.4942,1.50,1.50
2012.05.11 15:11:42.423,1.49399,1.49424,1.50,1.69
2012.05.11 15:11:42.555,1.49401,1.49424,1.50,1.50
2012.05.11 15:11:42.743,1.49401,1.49426,1.50,2.25
2012.05.11 15:11:42.816,1.49401,1.49426,1.50,2.25
2012.05.11 15:11:42.955,1.49401,1.49429,1.50,2.25
2012.05.11 15:11:43.024,1.49407,1.49432,1.50,2.25
2012.05.11 15:11:43.448,1.49412,1.49432,1.50,1.50
2012.05.11 15:11:44.344,1.49409,1.49434,2.18,2.44
2012.05.11 15:11:44.881,1.49406,1.49432,1.50,1.50
2012.05.11 15:11:45.737,1.49406,1.49429,1.50,1.50
2012.05.11 15:11:45.805,1.49404,1.49429,2.37,1.50
2012.05.11 15:11:45.875,1.49404,1.49431,2.37,1.50
2012.05.11 15:11:45.945,1.49402,1.49433,4.05,2.63
2012.05.11 15:11:46.214,1.49407,1.49433,1.50,2.63
2012.05.11 15:11:46.909,1.49407,1.49433,1.50,2.82
2012.05.11 15:11:47.052,1.49407,1.49433,1.50,2.63
2012.05.11 15:11:50.082,1.49407,1.49433,1.50,2.82
2012.05.11 15:11:50.620,1.49407,1.49433,1.50,2.82
2012.05.11 15:11:50.946,1.49407,1.49433,1.50,2.63
2012.05.11 15:11:51.457,1.49405,1.49433,2.18,2.82
2012.05.11 15:11:51.853,1.49401,1.49429,3.12,1.50
2012.05.11 15:11:52.776,1.49407,1.49433,1.50,3.38
2012.05.11 15:11:53.102,1.49407,1.49433,1.50,3.57
2012.05.11 15:11:53.463,1.49407,1.49429,1.50,1.50
2012.05.11 15:11:54.263,1.49407,1.49429,1.50,1.50
2012.05.11 15:11:54.336,1.49403,1.49432,2.25,1.69
2012.05.11 15:11:54.725,1.49405,1.4943,2.18,1.50
2012.05.11 15:11:54.933,1.49405,1.4943,2.18,2.56
2012.05.11 15:11:55.004,1.49405,1.4943,2.18,3.00
2012.05.11 15:11:55.327,1.49402,1.49429,1.50,3.00
2012.05.11 15:11:55.666,1.49403,1.4943,1.50,1.69
2012.05.11 15:11:56.193,1.49405,1.49429,2.93,1.50
2012.05.11 15:11:56.921,1.49408,1.49429,1.43,1.50
2012.05.11 15:11:57.134,1.49398,1.49424,1.69,1.50
2012.05.11 15:11:57.275,1.49396,1.4942,1.88,1.50
2012.05.11 15:11:57.535,1.49396,1.49422,2.63,1.50
2012.05.11 15:11:57.603,1.49396,1.49422,2.63,1.50
2012.05.11 15:11:57.911,1.49396,1.4942,1.13,1.50
2012.05.11 15:11:58.899,1.49394,1.49423,1.13,1.50
2012.05.11 15:11:59.795,1.49397,1.49423,1.50,1.50
2012.05.11 15:12:00.445,1.49397,1.49421,1.69,1.50
2012.05.11 15:12:00.795,1.49397,1.49421,1.50,1.50
2012.05.11 15:12:01.342,1.49397,1.49422,1.69,1.50
2012.05.11 15:12:01.475,1.49397,1.4942,1.69,1.50
2012.05.11 15:12:02.934,1.49397,1.49422,1.50,1.50
2012.05.11 15:12:06.071,1.49397,1.49422,1.50,2.82
2012.05.11 15:12:06.855,1.49393,1.49422,2.25,3.38
2012.05.11 15:12:06.931,1.49393,1.49422,2.25,2.63
2012.05.11 15:12:07.914,1.49396,1.49422,1.50,3.38
2012.05.11 15:12:08.257,1.49394,1.49422,2.25,3.68
2012.05.11 15:12:08.547,1.49394,1.49421,2.25,1.69
2012.05.11 15:12:09.055,1.49396,1.49419,1.50,1.50
2012.05.11 15:12:11.947,1.49401,1.49422,1.50,1.50
2012.05.11 15:12:12.025,1.49401,1.49425,1.50,1.13
2012.05.11 15:12:12.551,1.49397,1.49425,2.18,1.13
2012.05.11 15:12:15.076,1.49396,1.49424,1.50,2.07
2012.05.11 15:12:15.364,1.49396,1.49424,1.50,2.25
2012.05.11 15:12:15.772,1.49396,1.49424,1.50,4.06
2012.05.11 15:12:16.178,1.49396,1.49421,1.50,1.81
2012.05.11 15:12:16.714,1.49391,1.49417,2.25,1.88
2012.05.11 15:12:17.534,1.49389,1.49411,5.25,1.50
2012.05.11 15:12:17.803,1.49389,1.49409,4.50,1.50
2012.05.11 15:12:17.933,1.49382,1.49407,1.50,1.50
2012.05.11 15:12:18.063,1.49381,1.49407,1.13,1.50
2012.05.11 15:12:19.394,1.49378,1.49404,1.69,1.50
2012.05.11 15:12:19.606,1.49378,1.49405,1.50,1.35
2012.05.11 15:12:19.793,1.49378,1.49405,1.50,1.66
2012.05.11 15:12:19.922,1.49378,1.49403,1.50,1.13
2012.05.11 15:12:20.063,1.49378,1.49404,1.50,1.88
2012.05.11 15:12:20.478,1.49378,1.49403,1.69,1.88
2012.05.11 15:12:20.559,1.49378,1.49403,1.69,1.88
2012.05.11 15:12:20.706,1.49378,1.49403,1.69,1.50
2012.05.11 15:12:20.974,1.49381,1.49407,1.50,3.75
2012.05.11 15:12:21.615,1.49381,1.49406,1.50,1.50
2012.05.11 15:12:21.690,1.49382,1.49407,1.50,1.50
2012.05.11 15:12:22.219,1.49382,1.49409,1.50,1.13
2012.05.11 15:12:24.324,1.49382,1.49409,1.50,1.32
2012.05.11 15:12:24.743,1.49382,1.49409,1.50,1.32
2012.05.11 15:12:25.087,1.49381,1.49407,1.50,2.07
2012.05.11 15:12:25.304,1.49381,1.49407,1.69,1.13
2012.05.11 15:12:25.446,1.49381,1.49409,3.12,2.63
2012.05.11 15:12:33.314,1.4938,1.49406,2.18,2.25
2012.05.11 15:12:33.383,1.4938,1.49406,2.18,2.25
2012.05.11 15:12:33.826,1.49378,1.49404,1.50,2.07
2012.05.11 15:12:34.214,1.49378,1.49403,1.50,1.13
2012.05.11 15:12:34.689,1.49378,1.49403,1.50,2.63
2012.05.11 15:12:38.538,1.49378,1.49404,1.50,1.13
2012.05.11 15:12:38.616,1.49378,1.49404,1.50,1.13
2012.05.11 15:12:39.152,1.49381,1.49405,2.44,1.13
2012.05.11 15:12:41.264,1.49382,1.49407,1.50,1.32
2012.05.11 15:12:42.215,1.49378,1.49404,1.50,2.18
2012.05.11 15:12:42.284,1.49377,1.49404,1.50,2.93
2012.05.11 15:12:42.495,1.49378,1.49402,1.50,1.69
2012.05.11 15:12:42.705,1.49378,1.49406,4.43,1.43
2012.05.11 15:12:42.775,1.4938,1.49407,1.50,2.93
2012.05.11 15:12:43.121,1.4938,1.49403,1.50,1.50
2012.05.11 15:12:43.737,1.4938,1.49403,1.50,1.50
2012.05.11 15:12:45.172,1.4938,1.49403,1.50,1.69
2012.05.11 15:12:45.932,1.4938,1.49403,1.50,1.50
2012.05.11 15:12:46.832,1.4938,1.49407,1.50,1.32
2012.05.11 15:12:48.583,1.4938,1.49405,1.50,1.50
2012.05.11 15:12:50.342,1.4938,1.49405,1.50,1.50
2012.05.11 15:12:51.177,1.49378,1.49405,1.50,1.50
2012.05.11 15:12:51.732,1.49381,1.49408,1.50,2.18
2012.05.11 15:12:55.223,1.49381,1.49408,1.50,1.88
2012.05.11 15:12:55.294,1.49381,1.49408,1.50,1.88
2012.05.11 15:12:55.547,1.49385,1.4941,2.44,1.13
2012.05.11 15:12:58.443,1.49385,1.49411,2.25,1.13
2012.05.11 15:13:01.099,1.4939,1.49414,4.50,1.50
2012.05.11 15:13:01.319,1.49391,1.49417,2.25,1.69
2012.05.11 15:13:01.468,1.49391,1.49417,2.25,3.00
2012.05.11 15:13:01.955,1.49391,1.49418,2.25,1.88
2012.05.11 15:13:02.553,1.49393,1.49417,1.50,1.13
2012.05.11 15:13:03.063,1.49393,1.49417,1.50,1.13
2012.05.11 15:13:03.275,1.49396,1.49418,2.25,1.13
2012.05.11 15:13:03.825,1.49396,1.49422,2.25,1.13
2012.05.11 15:13:04.334,1.49396,1.49422,1.69,1.13
2012.05.11 15:13:04.893,1.49393,1.4942,2.25,1.13
2012.05.11 15:13:05.395,1.49399,1.4942,1.50,1.32
2012.05.11 15:13:05.663,1.49397,1.49422,1.50,1.13
2012.05.11 15:13:06.474,1.49398,1.49422,2.25,1.13
2012.05.11 15:13:06.615,1.49398,1.49424,2.25,1.88
2012.05.11 15:13:06.686,1.49398,1.49424,2.25,1.88
2012.05.11 15:13:06.755,1.49398,1.49424,2.25,1.88
2012.05.11 15:13:07.096,1.49402,1.49426,1.50,4.69
2012.05.11 15:13:07.761,1.49402,1.49426,1.69,4.50
2012.05.11 15:13:07.906,1.49402,1.49428,6.00,1.69
2012.05.11 15:13:08.722,1.49402,1.49424,4.50,1.69
2012.05.11 15:13:09.223,1.49402,1.49423,4.50,1.13
2012.05.11 15:13:10.023,1.49402,1.49422,4.50,1.13
2012.05.11 15:13:10.540,1.49402,1.49424,4.50,2.07
2012.05.11 15:13:12.418,1.49402,1.49425,4.50,1.13
2012.05.11 15:13:12.761,1.49402,1.49424,4.50,1.50
2012.05.11 15:13:14.494,1.49402,1.49424,4.50,1.13
2012.05.11 15:13:15.953,1.49402,1.49424,4.50,1.32
2012.05.11 15:13:16.591,1.49402,1.49425,4.50,2.07
2012.05.11 15:13:17.692,1.49402,1.49424,5.25,2.25
2012.05.11 15:13:19.789,1.49402,1.49424,5.25,2.44
2012.05.11 15:13:20.612,1.49402,1.49425,4.50,1.32
2012.05.11 15:13:21.086,1.49402,1.49424,4.50,1.50
2012.05.11 15:13:22.302,1.49402,1.49424,4.50,1.50
2012.05.11 15:13:22.434,1.49402,1.49423,4.50,1.50
2012.05.11 15:13:23.014,1.49402,1.49424,4.50,1.69
2012.05.11 15:13:23.523,1.49402,1.49426,4.50,1.50
2012.05.11 15:13:23.853,1.49402,1.49428,5.93,3.38
2012.05.11 15:13:28.325,1.49402,1.49426,4.50,1.69
2012.05.11 15:13:29.513,1.49402,1.49425,4.50,1.13
2012.05.11 15:13:29.725,1.49402,1.49428,4.50,2.25
2012.05.11 15:13:29.799,1.49402,1.49427,6.00,1.50
2012.05.11 15:13:29.946,1.49402,1.4943,4.50,1.50
2012.05.11 15:13:30.216,1.49404,1.49432,1.50,3.00
2012.05.11 15:13:30.742,1.49407,1.49434,2.25,1.13
2012.05.11 15:13:31.494,1.4941,1.49431,1.50,1.50
2012.05.11 15:13:32.423,1.49407,1.49433,2.25,1.50
2012.05.11 15:13:32.963,1.49407,1.49436,1.50,1.50
2012.05.11 15:13:33.836,1.49407,1.49436,1.88,1.50
2012.05.11 15:13:34.384,1.49407,1.49434,1.50,1.50
2012.05.11 15:13:34.513,1.4941,1.49434,1.50,1.69
2012.05.11 15:13:38.074,1.49409,1.49434,1.50,1.88
2012.05.11 15:13:38.456,1.49407,1.49434,2.25,1.88
2012.05.11 15:13:38.963,1.4941,1.49434,1.50,1.69
2012.05.11 15:13:39.412,1.49407,1.49435,3.75,1.13
2012.05.11 15:13:41.123,1.49407,1.49436,2.44,3.00
2012.05.11 15:13:41.383,1.49407,1.49436,3.75,3.19
2012.05.11 15:13:41.646,1.4941,1.49436,1.50,2.07
2012.05.11 15:13:45.225,1.4941,1.49435,2.25,2.07
2012.05.11 15:13:45.473,1.49412,1.49435,1.50,1.13
2012.05.11 15:13:45.813,1.49408,1.49435,1.13,1.13
2012.05.11 15:13:46.072,1.49407,1.49435,2.25,1.13
2012.05.11 15:13:50.432,1.49407,1.49435,3.00,1.13
2012.05.11 15:13:50.994,1.49407,1.49435,2.25,1.13
2012.05.11 15:13:55.362,1.49407,1.49436,3.00,1.50
2012.05.11 15:13:55.493,1.49408,1.49437,1.50,1.13
2012.05.11 15:13:57.044,1.49413,1.4944,4.50,3.75
2012.05.11 15:13:57.821,1.49413,1.49437,4.50,1.50
2012.05.11 15:13:58.691,1.49413,1.4944,4.50,3.19
2012.05.11 15:14:01.133,1.49413,1.49439,4.50,1.69
2012.05.11 15:14:01.661,1.49413,1.49439,4.50,1.50
2012.05.11 15:14:02.317,1.49413,1.49439,4.50,1.69
2012.05.11 15:14:02.840,1.49413,1.49439,4.50,1.69
2012.05.11 15:14:06.502,1.49413,1.49441,4.50,3.57
2012.05.11 15:14:06.832,1.49413,1.4944,4.50,1.69
2012.05.11 15:14:07.706,1.49413,1.49439,4.50,3.00
2012.05.11 15:14:08.376,1.49413,1.49439,4.50,1.88
2012.05.11 15:14:08.696,1.49413,1.49439,4.50,1.50
2012.05.11 15:14:08.895,1.49413,1.49439,4.50,1.50
2012.05.11 15:14:12.375,1.49413,1.49436,4.50,2.44
2012.05.11 15:14:12.514,1.49408,1.49433,1.50,1.50
2012.05.11 15:14:12.822,1.49408,1.49431,1.50,1.13
2012.05.11 15:14:16.434,1.49404,1.49431,1.50,1.32
2012.05.11 15:14:16.505,1.49405,1.49431,1.50,1.32
2012.05.11 15:14:16.584,1.49408,1.49431,1.50,1.32
2012.05.11 15:14:16.934,1.49406,1.49431,1.50,1.81
2012.05.11 15:14:17.011,1.49406,1.49427,1.50,1.06
2012.05.11 15:14:17.087,1.49403,1.49427,1.50,1.06
2012.05.11 15:14:17.165,1.49403,1.49427,1.50,1.06
2012.05.11 15:14:17.234,1.49403,1.49425,1.50,1.06
2012.05.11 15:14:17.773,1.49402,1.49425,2.25,1.13
2012.05.11 15:14:18.223,1.494,1.49425,6.75,1.50
2012.05.11 15:14:19.647,1.494,1.49425,6.75,1.69
2012.05.11 15:14:20.643,1.494,1.49426,6.75,2.18
2012.05.11 15:14:22.080,1.494,1.49426,6.75,1.81
2012.05.11 15:14:25.773,1.494,1.49425,6.75,1.13
2012.05.11 15:14:26.378,1.494,1.49424,6.75,1.32
2012.05.11 15:14:31.635,1.494,1.49424,5.25,2.07
2012.05.11 15:14:32.763,1.494,1.49424,6.75,1.88
2012.05.11 15:14:32.904,1.494,1.49422,5.25,1.13
2012.05.11 15:14:33.882,1.494,1.49424,5.25,1.32
2012.05.11 15:14:34.497,1.494,1.49424,5.25,1.88
2012.05.11 15:14:38.028,1.49401,1.49423,2.25,1.32
2012.05.11 15:14:39.279,1.49404,1.49429,2.37,1.50
2012.05.11 15:14:39.885,1.49407,1.4943,1.50,1.13
2012.05.11 15:14:40.431,1.49404,1.4943,2.37,1.13
2012.05.11 15:14:40.725,1.49408,1.4943,1.43,1.13
2012.05.11 15:14:40.939,1.49411,1.49436,1.69,1.50
2012.05.11 15:14:41.483,1.49411,1.49436,1.50,1.69
2012.05.11 15:14:41.788,1.49409,1.49435,2.25,2.44
2012.05.11 15:14:41.996,1.49408,1.49435,2.25,1.50
2012.05.11 15:14:42.205,1.49402,1.49428,1.50,1.69
2012.05.11 15:14:42.582,1.49402,1.49428,1.50,1.69
2012.05.11 15:14:42.656,1.49402,1.49428,1.50,2.44
2012.05.11 15:14:43.165,1.49403,1.49428,1.50,1.50
2012.05.11 15:14:43.238,1.49406,1.4943,1.50,1.50
2012.05.11 15:14:43.315,1.49406,1.4943,1.50,1.50
2012.05.11 15:14:43.606,1.49406,1.49433,1.50,1.13
2012.05.11 15:14:43.863,1.49406,1.49432,1.50,1.13
2012.05.11 15:14:45.421,1.49406,1.49432,1.69,1.13
2012.05.11 15:14:45.774,1.49412,1.49433,1.50,1.13
2012.05.11 15:14:45.843,1.49409,1.49433,1.50,1.13
2012.05.11 15:14:45.987,1.49411,1.49433,1.50,1.13
2012.05.11 15:14:46.113,1.49411,1.49436,2.44,1.88
2012.05.11 15:14:46.314,1.49411,1.49436,3.19,1.50
2012.05.11 15:14:46.564,1.49412,1.4944,5.44,1.13
2012.05.11 15:14:47.156,1.49415,1.49438,1.50,1.50
2012.05.11 15:14:48.021,1.49412,1.49436,4.50,1.13
2012.05.11 15:14:55.122,1.49412,1.49434,4.50,2.07
2012.05.11 15:14:55.634,1.49412,1.49434,4.50,1.13
2012.05.11 15:14:57.009,1.49412,1.49436,4.50,2.07
2012.05.11 15:14:58.125,1.49414,1.49439,1.50,1.50
2012.05.11 15:14:58.264,1.49417,1.49439,1.50,1.50
2012.05.11 15:14:58.334,1.49417,1.49444,2.25,1.13
2012.05.11 15:14:58.475,1.49419,1.49445,1.50,1.50
2012.05.11 15:14:58.735,1.49419,1.49446,1.50,1.50
2012.05.11 15:14:59.264,1.49419,1.49447,2.25,2.82
2012.05.11 15:14:59.784,1.49424,1.49446,1.50,1.69
2012.05.11 15:15:00.359,1.49424,1.49448,1.50,2.25
2012.05.11 15:15:00.440,1.49421,1.49448,2.25,2.25
2012.05.11 15:15:00.590,1.49423,1.49448,1.50,1.50
2012.05.11 15:15:00.936,1.49428,1.49453,1.50,1.50
2012.05.11 15:15:01.135,1.49426,1.49452,2.25,1.50
2012.05.11 15:15:01.206,1.49423,1.49451,6.75,1.50
2012.05.11 15:15:01.414,1.49423,1.49451,6.75,1.69
2012.05.11 15:15:01.772,1.49423,1.4945,6.75,1.50
2012.05.11 15:15:02.505,1.49423,1.49448,6.00,1.50
2012.05.11 15:15:03.254,1.49423,1.4945,5.25,2.82
2012.05.11 15:15:04.475,1.49423,1.4945,5.25,1.32
2012.05.11 15:15:04.731,1.49423,1.4945,5.44,1.13
2012.05.11 15:15:05.394,1.49423,1.49449,5.25,1.50
2012.05.11 15:15:06.955,1.4942,1.49444,1.50,2.44
2012.05.11 15:15:07.216,1.49416,1.49443,1.50,1.69
2012.05.11 15:15:07.344,1.49412,1.49443,3.00,2.44
2012.05.11 15:15:07.664,1.49412,1.49441,2.25,1.32
2012.05.11 15:15:07.874,1.49412,1.49441,3.00,1.13
2012.05.11 15:15:08.372,1.49415,1.49441,1.50,1.13
2012.05.11 15:15:08.907,1.49415,1.49441,1.50,1.32
2012.05.11 15:15:09.255,1.49412,1.49441,3.00,1.32
2012.05.11 15:15:09.593,1.49411,1.49436,1.50,1.69
2012.05.11 15:15:10.407,1.49411,1.49435,1.50,1.13
2012.05.11 15:15:11.832,1.4941,1.49433,4.50,3.19
2012.05.11 15:15:11.965,1.49405,1.49433,2.25,4.69
2012.05.11 15:15:12.612,1.49405,1.49433,2.25,4.69
2012.05.11 15:15:13.304,1.49405,1.49432,2.25,1.69
2012.05.11 15:15:14.764,1.49405,1.49433,2.25,4.69
2012.05.11 15:15:14.902,1.49405,1.49433,3.75,4.50
2012.05.11 15:15:15.753,1.4941,1.49433,1.50,1.88
2012.05.11 15:15:16.105,1.49412,1.49435,1.50,4.50
2012.05.11 15:15:16.447,1.49412,1.49435,2.25,4.50
2012.05.11 15:15:17.224,1.49416,1.49435,1.50,4.50
2012.05.11 15:15:17.301,1.49413,1.49435,3.75,4.50
2012.05.11 15:15:19.066,1.49407,1.49435,3.75,4.50
2012.05.11 15:15:19.755,1.49411,1.49438,2.25,3.38
2012.05.11 15:15:19.965,1.49412,1.49438,1.50,1.88
2012.05.11 15:15:20.731,1.49411,1.4944,3.00,2.44
2012.05.11 15:15:21.531,1.49412,1.4944,1.50,1.50
2012.05.11 15:15:23.141,1.49412,1.49438,1.50,1.50
2012.05.11 15:15:31.106,1.49414,1.4944,2.25,1.13
2012.05.11 15:15:31.552,1.49417,1.49439,1.50,1.50
2012.05.11 15:15:31.994,1.49415,1.4944,2.25,1.88
2012.05.11 15:15:32.182,1.49414,1.49439,2.25,1.13
2012.05.11 15:15:34.297,1.49414,1.49443,2.44,4.80
2012.05.11 15:15:34.958,1.49413,1.49442,2.25,1.88
2012.05.11 15:15:35.165,1.49413,1.49442,2.25,1.88
2012.05.11 15:15:35.767,1.49413,1.49442,2.25,1.88
2012.05.11 15:15:36.341,1.49413,1.49441,2.25,1.13
2012.05.11 15:15:36.963,1.49413,1.49442,2.25,2.82
2012.05.11 15:15:38.224,1.49413,1.49442,2.25,2.82
2012.05.11 15:15:39.003,1.49413,1.4944,2.25,1.62
2012.05.11 15:15:39.204,1.49413,1.49438,2.25,1.81
2012.05.11 15:15:39.604,1.49415,1.49438,1.69,1.06
2012.05.11 15:15:40.143,1.49417,1.49442,1.50,1.81
2012.05.11 15:15:40.935,1.49417,1.49442,1.50,1.81
2012.05.11 15:15:41.301,1.49417,1.49444,1.50,1.81
2012.05.11 15:15:44.393,1.49418,1.49445,3.19,2.56
2012.05.11 15:15:44.914,1.49422,1.49445,1.50,1.06
2012.05.11 15:15:45.433,1.49422,1.49445,1.50,1.06
2012.05.11 15:15:45.963,1.49422,1.49445,1.50,1.06
2012.05.11 15:15:46.833,1.49421,1.49445,1.69,1.06
2012.05.11 15:15:49.984,1.49421,1.49446,1.50,1.50
2012.05.11 15:15:50.513,1.49422,1.49446,1.50,1.50
2012.05.11 15:15:53.882,1.4942,1.49446,1.50,1.50
2012.05.11 15:15:54.283,1.49423,1.49446,1.50,1.50
2012.05.11 15:15:55.274,1.49422,1.49446,1.50,1.50
2012.05.11 15:15:55.862,1.49425,1.49446,1.50,1.50
2012.05.11 15:15:57.625,1.49423,1.49446,3.00,1.50
2012.05.11 15:15:57.838,1.49423,1.49448,6.00,1.13
2012.05.11 15:15:58.198,1.49423,1.49453,8.25,3.19
2012.05.11 15:15:58.277,1.49424,1.49448,1.69,1.50
2012.05.11 15:15:58.614,1.49425,1.49452,2.25,2.25
2012.05.11 15:15:58.687,1.49423,1.49451,5.25,2.25
2012.05.11 15:16:00.523,1.49425,1.49454,2.25,3.38
2012.05.11 15:16:01.529,1.49427,1.49452,1.50,1.13
2012.05.11 15:16:01.677,1.49427,1.49452,2.25,1.13
2012.05.11 15:16:01.875,1.49427,1.49457,2.25,3.19
2012.05.11 15:16:01.949,1.49427,1.49453,1.50,1.69
2012.05.11 15:16:02.307,1.49427,1.49449,1.50,1.50
2012.05.11 15:16:02.380,1.49423,1.49448,4.50,1.69
2012.05.11 15:16:06.862,1.49423,1.49449,4.50,2.07
2012.05.11 15:16:07.525,1.49426,1.49449,1.50,1.13
2012.05.11 15:16:08.085,1.49425,1.49454,2.25,2.07
2012.05.11 15:16:08.156,1.49425,1.49454,2.25,2.07
2012.05.11 15:16:08.366,1.49428,1.49454,1.50,1.13
2012.05.11 15:16:08.492,1.49425,1.49454,3.00,1.13
2012.05.11 15:16:09.067,1.49426,1.49454,1.50,1.13
2012.05.11 15:16:09.295,1.49426,1.49454,2.25,1.13
2012.05.11 15:16:09.613,1.4943,1.49456,1.50,1.13
2012.05.11 15:16:11.193,1.4943,1.49455,1.69,1.13
2012.05.11 15:16:15.533,1.4943,1.49455,1.50,1.13
2012.05.11 15:16:15.974,1.49433,1.49455,1.50,1.13
2012.05.11 15:16:16.257,1.49432,1.49457,2.25,1.50
2012.05.11 15:16:16.386,1.49432,1.49457,2.63,1.50
2012.05.11 15:16:16.665,1.49436,1.49463,1.50,2.25
2012.05.11 15:16:16.734,1.4944,1.49463,1.50,2.25
2012.05.11 15:16:17.322,1.49439,1.49466,1.50,1.13
2012.05.11 15:16:17.872,1.49438,1.49464,2.44,1.13
2012.05.11 15:16:22.274,1.49441,1.49466,1.50,1.50
2012.05.11 15:16:23.112,1.49439,1.49466,3.75,1.69
2012.05.11 15:16:23.803,1.49441,1.49466,1.50,1.69
2012.05.11 15:16:24.325,1.49439,1.49467,2.25,3.00
2012.05.11 15:16:24.538,1.49442,1.49468,1.50,1.13
2012.05.11 15:16:24.616,1.49442,1.49468,1.50,1.13
2012.05.11 15:16:24.757,1.49438,1.49468,3.19,1.13
2012.05.11 15:16:24.904,1.49438,1.49468,3.19,1.13
2012.05.11 15:16:26.315,1.4944,1.49467,1.50,1.50
2012.05.11 15:16:26.825,1.49443,1.4947,3.19,2.25
2012.05.11 15:16:26.898,1.49444,1.4947,2.25,1.50
2012.05.11 15:16:27.574,1.49441,1.4947,2.25,3.75
2012.05.11 15:16:27.796,1.49439,1.49467,2.44,1.50
2012.05.11 15:16:28.174,1.49438,1.49465,1.88,1.50
2012.05.11 15:16:28.244,1.49438,1.49465,1.88,1.50
2012.05.11 15:16:28.776,1.49438,1.49467,2.25,3.19
2012.05.11 15:16:29.283,1.49438,1.49467,2.25,2.25
2012.05.11 15:16:29.941,1.49441,1.49469,1.50,1.69
2012.05.11 15:16:30.314,1.49437,1.49468,3.00,2.63
2012.05.11 15:16:30.387,1.49441,1.49469,1.50,1.50
2012.05.11 15:16:31.654,1.49441,1.49469,2.25,1.81
2012.05.11 15:16:32.006,1.49441,1.49469,2.25,1.13
2012.05.11 15:16:32.076,1.49441,1.49469,2.25,1.13
2012.05.11 15:16:32.147,1.49445,1.49469,1.50,1.28
2012.05.11 15:16:32.533,1.49442,1.49471,2.25,1.13
2012.05.11 15:16:32.751,1.49447,1.49472,1.50,5.25
2012.05.11 15:16:33.095,1.4945,1.49472,1.50,5.25
2012.05.11 15:16:33.164,1.49447,1.49472,2.25,5.25
2012.05.11 15:16:33.713,1.49447,1.49472,2.25,6.19
2012.05.11 15:16:34.536,1.49444,1.49472,2.18,6.19
2012.05.11 15:16:35.616,1.49446,1.49472,3.00,5.25
2012.05.11 15:16:35.759,1.49447,1.49472,1.69,4.50
2012.05.11 15:16:36.487,1.49449,1.49474,1.50,2.25
2012.05.11 15:16:36.555,1.49449,1.49476,1.50,2.25
2012.05.11 15:16:36.765,1.4945,1.49478,3.00,1.50
2012.05.11 15:16:37.094,1.4945,1.49478,1.50,3.19
2012.05.11 15:16:38.764,1.4945,1.49473,1.50,1.50
2012.05.11 15:16:39.194,1.4945,1.49478,1.50,3.57
2012.05.11 15:16:40.602,1.4945,1.49476,1.50,2.25
2012.05.11 15:16:41.644,1.49449,1.49476,1.50,2.44
2012.05.11 15:16:41.995,1.49448,1.49471,4.50,1.50
2012.05.11 15:16:43.852,1.49448,1.49473,4.50,1.69
2012.05.11 15:16:46.123,1.49449,1.49474,2.25,1.13
2012.05.11 15:16:46.642,1.4945,1.49478,1.50,3.19
2012.05.11 15:16:48.923,1.4945,1.49477,1.50,1.50
2012.05.11 15:16:51.264,1.4945,1.49479,1.50,3.57
2012.05.11 15:16:51.595,1.49452,1.49481,2.25,2.40
2012.05.11 15:16:52.001,1.49457,1.4948,1.50,1.13
2012.05.11 15:16:52.079,1.49457,1.49482,1.50,1.13
2012.05.11 15:16:52.285,1.49457,1.49484,2.25,1.88
2012.05.11 15:16:52.808,1.49457,1.49484,2.25,1.88
2012.05.11 15:16:53.192,1.49461,1.49484,1.50,1.88
2012.05.11 15:16:53.735,1.49461,1.49484,2.25,1.88
2012.05.11 15:16:55.337,1.49461,1.49484,1.50,1.88
2012.05.11 15:16:55.778,1.49457,1.49484,3.68,2.07
2012.05.11 15:16:56.203,1.49457,1.49483,2.25,1.13
2012.05.11 15:16:58.936,1.49457,1.49484,2.25,2.63
2012.05.11 15:16:59.392,1.49452,1.4948,2.93,1.32
2012.05.11 15:16:59.644,1.49456,1.4948,1.50,1.32
2012.05.11 15:17:00.494,1.49456,1.4948,2.25,1.32
2012.05.11 15:17:01.098,1.49456,1.4948,1.50,1.32
2012.05.11 15:17:03.059,1.49459,1.4948,1.50,1.13
2012.05.11 15:17:03.373,1.49455,1.49482,3.68,1.32
2012.05.11 15:17:03.607,1.49455,1.49484,3.68,2.63
2012.05.11 15:17:03.687,1.49458,1.49485,2.25,2.07
2012.05.11 15:17:04.224,1.49457,1.49485,2.37,3.00
2012.05.11 15:17:05.215,1.49457,1.49485,2.18,3.00
2012.05.11 15:17:05.746,1.49456,1.49484,2.25,1.69
2012.05.11 15:17:08.852,1.49456,1.49485,2.25,3.19
2012.05.11 15:17:10.633,1.49456,1.49484,2.25,1.50
2012.05.11 15:17:10.703,1.49454,1.49481,2.44,1.50
2012.05.11 15:17:10.996,1.49454,1.49483,2.44,2.25
2012.05.11 15:17:11.274,1.49453,1.49481,2.25,1.69
2012.05.11 15:17:12.045,1.49453,1.49483,2.18,2.82
2012.05.11 15:17:12.244,1.49452,1.49483,3.19,2.82
2012.05.11 15:17:12.573,1.4945,1.49473,1.50,1.50
2012.05.11 15:17:12.705,1.4945,1.49473,1.50,1.50
2012.05.11 15:17:13.337,1.4945,1.49474,1.50,1.50
2012.05.11 15:17:13.474,1.4945,1.49474,1.50,1.69
2012.05.11 15:17:14.464,1.4945,1.49474,1.50,1.50
2012.05.11 15:17:14.877,1.4945,1.49476,1.50,1.69
2012.05.11 15:17:14.945,1.4945,1.49474,1.50,1.50
2012.05.11 15:17:15.213,1.4945,1.49477,1.50,1.32
2012.05.11 15:17:17.085,1.49452,1.49479,1.50,1.88
2012.05.11 15:17:18.090,1.49452,1.49479,1.50,1.88
2012.05.11 15:17:20.376,1.49451,1.49477,3.68,1.69
2012.05.11 15:17:20.632,1.4945,1.49478,3.00,1.69
2012.05.11 15:17:24.112,1.4945,1.49477,1.50,2.07
2012.05.11 15:17:24.585,1.4945,1.49473,1.50,1.50
2012.05.11 15:17:24.933,1.49442,1.49471,2.25,3.38
2012.05.11 15:17:25.083,1.49442,1.49471,1.50,4.88
2012.05.11 15:17:28.928,1.49442,1.4947,1.50,1.32
2012.05.11 15:17:29.690,1.4944,1.49465,2.25,1.50
2012.05.11 15:17:29.983,1.49439,1.49466,1.50,2.93
2012.05.11 15:17:30.058,1.49439,1.49466,1.50,2.25
2012.05.11 15:17:30.135,1.49439,1.49466,1.50,1.13
2012.05.11 15:17:30.507,1.49438,1.49466,3.00,1.50
2012.05.11 15:17:30.834,1.49438,1.49463,1.50,1.50
2012.05.11 15:17:31.447,1.49437,1.49463,5.25,2.63
2012.05.11 15:17:31.806,1.49432,1.49459,2.25,2.56
2012.05.11 15:17:31.876,1.49432,1.49456,2.25,1.13
2012.05.11 15:17:32.156,1.49426,1.49455,1.50,1.32
2012.05.11 15:17:32.224,1.49426,1.49455,1.50,1.32
2012.05.11 15:17:32.991,1.49426,1.49454,2.93,1.13
2012.05.11 15:17:33.148,1.49431,1.49458,1.50,1.50
2012.05.11 15:17:33.696,1.49431,1.49458,1.50,1.13
2012.05.11 15:17:35.254,1.49427,1.49455,1.50,1.13
2012.05.11 15:17:35.399,1.49426,1.49455,2.25,1.88
2012.05.11 15:17:36.474,1.49426,1.49454,1.50,1.32
2012.05.11 15:17:38.132,1.49427,1.49454,1.50,1.50
2012.05.11 15:17:39.612,1.49426,1.49454,1.50,1.50
2012.05.11 15:17:39.922,1.49426,1.49452,1.50,1.32
2012.05.11 15:17:48.403,1.49426,1.49452,2.25,1.32
2012.05.11 15:17:48.476,1.49427,1.49452,1.50,1.13
2012.05.11 15:17:48.693,1.49429,1.49456,3.00,1.17
2012.05.11 15:17:48.908,1.49429,1.49452,1.50,1.50
2012.05.11 15:17:49.843,1.49429,1.49451,1.50,1.69
2012.05.11 15:17:50.243,1.49429,1.49449,1.50,1.50
2012.05.11 15:17:51.435,1.49429,1.49453,1.50,2.44
2012.05.11 15:17:51.507,1.49426,1.49453,1.50,3.19
2012.05.11 15:17:51.833,1.49426,1.4945,1.50,1.88
2012.05.11 15:17:52.716,1.49426,1.49451,1.50,2.07
2012.05.11 15:17:52.786,1.49426,1.49451,1.50,2.07
2012.05.11 15:17:53.160,1.49424,1.49451,5.25,2.82
2012.05.11 15:17:54.589,1.49424,1.49449,4.50,1.50
2012.05.11 15:17:55.123,1.49425,1.49451,1.50,2.07
2012.05.11 15:17:55.729,1.49425,1.49451,1.50,2.07
2012.05.11 15:17:57.931,1.49419,1.49448,2.25,2.82
2012.05.11 15:17:58.077,1.49417,1.49445,2.25,2.63
2012.05.11 15:17:58.693,1.49419,1.49445,2.25,1.13
2012.05.11 15:17:59.324,1.49419,1.49448,2.25,3.57
2012.05.11 15:18:00.354,1.49418,1.49445,2.25,1.13
2012.05.11 15:18:02.927,1.49418,1.49448,2.25,1.32
2012.05.11 15:18:03.135,1.49418,1.49447,2.25,1.13
2012.05.11 15:18:03.673,1.49418,1.49447,2.25,1.50
2012.05.11 15:18:04.612,1.49419,1.49447,2.25,1.13
2012.05.11 15:18:05.276,1.49419,1.49448,2.25,2.07
2012.05.11 15:18:05.965,1.49417,1.49446,4.62,1.50
2012.05.11 15:18:06.500,1.4942,1.49448,2.25,2.82
2012.05.11 15:18:08.047,1.49416,1.49447,2.44,2.63
2012.05.11 15:18:08.248,1.49416,1.49445,2.25,2.44
2012.05.11 15:18:08.597,1.49415,1.49437,1.50,1.50
2012.05.11 15:18:09.137,1.49415,1.49437,1.50,1.50
2012.05.11 15:18:09.654,1.49415,1.49437,1.50,1.88
2012.05.11 15:18:10.555,1.49415,1.49437,1.50,1.88
2012.05.11 15:18:10.905,1.49415,1.49437,1.50,1.88
2012.05.11 15:18:13.626,1.49415,1.49441,1.50,2.82
2012.05.11 15:18:19.445,1.49413,1.49438,5.25,1.88
2012.05.11 15:18:19.515,1.4941,1.49434,2.25,1.13
2012.05.11 15:18:19.906,1.49407,1.49433,2.25,1.13
2012.05.11 15:18:20.036,1.49405,1.49433,2.25,1.32
2012.05.11 15:18:20.235,1.49402,1.4943,3.00,2.07
2012.05.11 15:18:20.555,1.49402,1.4943,3.19,1.88
2012.05.11 15:18:22.519,1.49403,1.49433,2.25,2.63
2012.05.11 15:18:23.198,1.49402,1.49431,1.50,2.07
2012.05.11 15:18:24.268,1.49402,1.49431,3.00,2.07
2012.05.11 15:18:24.338,1.49403,1.49434,2.25,3.38
2012.05.11 15:18:24.475,1.49407,1.49434,2.25,1.50
2012.05.11 15:18:24.548,1.49407,1.49436,2.25,7.69
2012.05.11 15:18:24.674,1.49407,1.49434,2.25,1.13
2012.05.11 15:18:25.226,1.49403,1.49434,2.44,2.63
2012.05.11 15:18:28.005,1.49404,1.49434,2.18,2.63
2012.05.11 15:18:28.074,1.49403,1.49434,2.44,2.63
2012.05.11 15:18:28.148,1.49403,1.49434,2.44,2.63
2012.05.11 15:18:28.423,1.49403,1.49434,2.44,3.38
2012.05.11 15:18:30.178,1.49404,1.49434,3.19,1.13
2012.05.11 15:18:30.245,1.49411,1.49435,1.50,2.63
2012.05.11 15:18:30.741,1.49411,1.49435,1.50,2.63
2012.05.11 15:18:32.206,1.49411,1.49436,1.50,4.50
2012.05.11 15:18:33.036,1.49411,1.49436,1.50,4.50
2012.05.11 15:18:33.735,1.49416,1.49436,1.50,4.50
2012.05.11 15:18:35.968,1.49412,1.49436,2.25,4.50
2012.05.11 15:18:39.377,1.49416,1.49436,1.50,4.50
2012.05.11 15:18:40.445,1.49412,1.49436,2.25,4.50
2012.05.11 15:18:43.307,1.49413,1.49436,2.25,4.50
2012.05.11 15:18:43.835,1.49416,1.49436,3.00,4.50
2012.05.11 15:18:48.184,1.49412,1.49436,1.50,4.50
2012.05.11 15:18:52.208,1.49412,1.49436,2.25,4.50
2012.05.11 15:18:52.277,1.49412,1.49436,2.25,4.50
2012.05.11 15:18:56.304,1.49411,1.49436,3.00,4.50
2012.05.11 15:19:00.064,1.49411,1.49435,2.25,1.13
2012.05.11 15:19:00.323,1.49411,1.49434,2.25,1.13
2012.05.11 15:19:01.399,1.49412,1.49436,1.50,4.88
2012.05.11 15:19:01.604,1.49412,1.49434,1.50,1.13
2012.05.11 15:19:02.115,1.49412,1.49434,1.50,1.13
2012.05.11 15:19:03.615,1.49408,1.49434,2.25,1.13
2012.05.11 15:19:04.145,1.49412,1.49434,2.25,1.13
2012.05.11 15:19:04.215,1.49412,1.49435,2.25,1.13
2012.05.11 15:19:06.186,1.49412,1.49434,2.25,1.13
2012.05.11 15:19:06.257,1.49412,1.49434,2.25,1.13
2012.05.11 15:19:06.505,1.49408,1.49434,2.44,1.13
2012.05.11 15:19:07.077,1.49408,1.49433,2.25,1.13
2012.05.11 15:19:07.292,1.49402,1.49431,1.80,2.82
2012.05.11 15:19:07.434,1.49402,1.49431,1.80,2.82
2012.05.11 15:19:08.110,1.49402,1.49428,1.50,1.50
2012.05.11 15:19:08.777,1.49402,1.49428,1.50,1.50
2012.05.11 15:19:08.845,1.49402,1.49428,1.50,2.25
2012.05.11 15:19:09.357,1.49402,1.49425,1.50,1.50
2012.05.11 15:19:09.885,1.49402,1.49427,1.50,1.50
2012.05.11 15:19:10.437,1.49403,1.49427,1.50,1.50
2012.05.11 15:19:10.711,1.49405,1.49431,1.50,1.13
2012.05.11 15:19:11.225,1.49405,1.49429,1.50,1.50
2012.05.11 15:19:11.726,1.49405,1.49431,1.50,1.13
2012.05.11 15:19:12.353,1.49405,1.49429,1.50,1.50
2012.05.11 15:19:13.414,1.49405,1.49431,1.50,2.63
2012.05.11 15:19:13.827,1.49402,1.49427,1.50,1.50
2012.05.11 15:19:15.956,1.494,1.49422,4.50,1.50
2012.05.11 15:19:17.946,1.494,1.49423,4.50,1.32
2012.05.11 15:19:18.516,1.494,1.49422,4.50,1.50
2012.05.11 15:19:19.044,1.494,1.49424,4.50,2.82
2012.05.11 15:19:19.517,1.49396,1.49425,3.00,2.07
2012.05.11 15:19:23.854,1.49399,1.49425,1.50,1.13
2012.05.11 15:19:24.513,1.49399,1.49426,2.25,1.32
2012.05.11 15:19:29.509,1.49401,1.49426,1.50,2.07
2012.05.11 15:19:30.175,1.49397,1.49426,3.00,2.07
2012.05.11 15:19:30.536,1.49397,1.49423,1.50,1.50
2012.05.11 15:19:30.797,1.49397,1.49423,1.50,1.50
2012.05.11 15:19:31.197,1.49396,1.49423,1.50,2.07
2012.05.11 15:19:31.397,1.49396,1.49426,3.00,1.88
2012.05.11 15:19:31.644,1.49396,1.49425,3.00,1.88
2012.05.11 15:19:36.195,1.49396,1.49427,3.00,2.07
2012.05.11 15:19:36.456,1.49401,1.49429,2.25,1.13
2012.05.11 15:19:36.730,1.49401,1.49427,1.50,1.50
2012.05.11 15:19:37.125,1.49401,1.49427,1.50,1.88
2012.05.11 15:19:44.635,1.49407,1.49428,1.50,1.88
2012.05.11 15:19:45.241,1.49407,1.49431,1.50,1.88
2012.05.11 15:19:47.916,1.49411,1.49434,1.50,1.88
2012.05.11 15:19:48.185,1.49412,1.49434,1.50,1.88
2012.05.11 15:19:48.507,1.49408,1.49434,1.32,1.88
2012.05.11 15:19:48.697,1.49408,1.49432,1.13,1.50
2012.05.11 15:19:50.848,1.49406,1.49432,1.50,1.88
2012.05.11 15:19:51.336,1.49412,1.49437,2.25,1.88
2012.05.11 15:19:52.000,1.49412,1.49437,1.50,1.88
2012.05.11 15:20:09.354,1.49413,1.49437,1.50,1.13
2012.05.11 15:20:11.024,1.49413,1.49437,1.50,1.88
2012.05.11 15:20:11.170,1.49406,1.49434,2.25,1.80
2012.05.11 15:20:11.316,1.49406,1.49434,3.00,2.55
2012.05.11 15:20:11.387,1.49406,1.49432,3.00,2.82
2012.05.11 15:20:11.812,1.49406,1.49432,3.00,1.13
2012.05.11 15:20:12.168,1.49407,1.49433,1.50,2.82
2012.05.11 15:20:12.892,1.49404,1.49433,2.25,2.82
2012.05.11 15:20:16.678,1.49402,1.49431,2.25,1.88
2012.05.11 15:20:20.253,1.49404,1.4943,3.00,1.13
2012.05.11 15:20:24.034,1.49404,1.4943,2.25,1.13
2012.05.11 15:20:24.721,1.49404,1.49433,2.25,2.82
2012.05.11 15:20:25.332,1.49406,1.49433,1.50,2.63
2012.05.11 15:20:31.054,1.49404,1.49433,2.25,2.63
2012.05.11 15:20:31.555,1.49406,1.49433,1.50,2.63
2012.05.11 15:20:35.189,1.49406,1.49433,1.50,2.63
2012.05.11 15:20:42.414,1.49406,1.49433,1.50,2.82
2012.05.11 15:20:44.535,1.49406,1.49433,1.50,3.00
2012.05.11 15:20:53.546,1.49406,1.49433,2.25,1.13
2012.05.11 15:20:53.674,1.4941,1.49435,1.50,2.25
2012.05.11 15:20:54.923,1.49411,1.49438,1.50,2.44
2012.05.11 15:20:55.737,1.49411,1.49436,1.50,1.50
2012.05.11 15:20:55.806,1.49411,1.49434,1.50,1.50
2012.05.11 15:20:57.903,1.49411,1.49437,1.50,2.25
2012.05.11 15:20:58.459,1.49411,1.49436,1.50,1.50
2012.05.11 15:20:58.528,1.49411,1.49434,1.50,1.50
2012.05.11 15:21:00.265,1.49411,1.49437,1.50,2.44
2012.05.11 15:21:00.457,1.49411,1.49433,1.50,1.50
2012.05.11 15:21:02.344,1.49409,1.49431,1.50,1.50
2012.05.11 15:21:03.035,1.49409,1.49433,1.50,1.50
2012.05.11 15:21:05.904,1.49409,1.49433,1.50,1.50
2012.05.11 15:21:09.974,1.49409,1.49436,2.25,2.25
2012.05.11 15:21:10.448,1.49411,1.49436,1.50,1.50
2012.05.11 15:21:10.697,1.49411,1.49439,3.00,1.32
2012.05.11 15:21:10.836,1.49412,1.49439,1.50,1.32
2012.05.11 15:21:12.153,1.4941,1.49435,1.50,2.25
2012.05.11 15:21:12.808,1.49409,1.49435,2.18,2.25
2012.05.11 15:21:13.416,1.49406,1.49435,3.00,2.63
2012.05.11 15:21:13.775,1.49406,1.49432,1.50,1.69
2012.05.11 15:21:14.126,1.49406,1.49434,1.50,1.32
2012.05.11 15:21:15.116,1.49406,1.49434,1.50,1.13
2012.05.11 15:21:15.184,1.49406,1.49434,1.50,1.13
2012.05.11 15:21:20.046,1.49406,1.49434,2.25,2.25
2012.05.11 15:21:20.190,1.49403,1.49429,2.25,1.50
2012.05.11 15:21:20.271,1.49401,1.49426,2.44,1.50
2012.05.11 15:21:23.568,1.49397,1.49426,3.00,2.25
2012.05.11 15:21:23.708,1.49398,1.49423,1.50,1.50
2012.05.11 15:21:24.265,1.49397,1.49425,3.00,1.88
2012.05.11 15:21:25.486,1.49398,1.49424,1.50,2.63
2012.05.11 15:21:25.557,1.49398,1.49424,1.50,1.32
2012.05.11 15:21:25.884,1.49396,1.4942,1.50,1.88
2012.05.11 15:21:27.117,1.49391,1.4942,1.69,1.88
2012.05.11 15:21:28.429,1.49396,1.4942,1.50,1.88
2012.05.11 15:21:28.954,1.49396,1.4942,1.50,1.50
2012.05.11 15:21:29.082,1.49396,1.49416,1.50,1.50
2012.05.11 15:21:29.157,1.49396,1.49418,1.50,1.50
2012.05.11 15:21:29.878,1.49397,1.49419,1.50,1.50
2012.05.11 15:21:31.786,1.49395,1.49421,2.18,1.50
2012.05.11 15:21:31.857,1.49395,1.49421,2.18,1.50
2012.05.11 15:21:32.135,1.49394,1.49422,1.50,1.13
2012.05.11 15:21:32.654,1.49396,1.49422,1.50,1.13
2012.05.11 15:21:34.654,1.49396,1.49422,1.50,2.63
2012.05.11 15:21:35.019,1.49399,1.49423,2.25,1.13
2012.05.11 15:21:35.542,1.49401,1.49424,1.50,4.50
2012.05.11 15:21:36.338,1.494,1.49423,1.43,2.25
2012.05.11 15:21:36.983,1.49393,1.4942,1.50,1.50
2012.05.11 15:21:37.539,1.49396,1.49422,1.50,1.13
2012.05.11 15:21:38.246,1.49396,1.49422,1.50,2.63
2012.05.11 15:21:40.713,1.49402,1.49424,1.50,4.50
2012.05.11 15:21:45.785,1.49394,1.49421,3.12,1.50
2012.05.11 15:21:45.857,1.49394,1.49421,2.18,1.50
2012.05.11 15:21:46.397,1.49398,1.49422,1.50,1.13
2012.05.11 15:21:48.464,1.49396,1.49422,2.25,1.13
2012.05.11 15:21:49.033,1.49397,1.49422,1.50,1.13
2012.05.11 15:21:49.692,1.49397,1.49422,1.50,1.32
2012.05.11 15:21:51.434,1.49396,1.49422,2.25,1.32
2012.05.11 15:21:52.221,1.49396,1.49422,2.25,1.13
2012.05.11 15:21:52.876,1.49397,1.49422,1.50,1.13
2012.05.11 15:21:53.226,1.49397,1.49422,2.25,1.13
2012.05.11 15:21:53.637,1.49395,1.49422,2.25,1.13
2012.05.11 15:21:58.588,1.49399,1.49422,2.25,1.13
2012.05.11 15:21:59.107,1.49395,1.49422,2.25,2.07
2012.05.11 15:21:59.647,1.49397,1.49422,2.25,2.07
2012.05.11 15:21:59.838,1.49397,1.49422,2.25,2.07
2012.05.11 15:22:00.431,1.49397,1.49422,2.25,2.07
2012.05.11 15:22:03.215,1.49399,1.49422,1.50,2.07
2012.05.11 15:22:03.939,1.49395,1.49422,2.25,1.32
2012.05.11 15:22:05.348,1.49395,1.49422,2.25,1.32
2012.05.11 15:22:07.540,1.49397,1.49422,1.50,1.13
2012.05.11 15:22:10.078,1.49404,1.49427,1.50,1.88
2012.05.11 15:22:10.147,1.49404,1.49427,1.50,1.88
2012.05.11 15:22:26.106,1.49404,1.49432,1.69,1.88
2012.05.11 15:22:26.475,1.49406,1.49434,1.50,2.63
2012.05.11 15:22:27.197,1.49407,1.49434,1.69,2.63
2012.05.11 15:22:27.277,1.49411,1.49437,3.00,1.13
2012.05.11 15:22:27.605,1.49411,1.49436,1.50,1.13
2012.05.11 15:22:27.737,1.49411,1.49435,1.50,1.50
2012.05.11 15:22:28.295,1.49407,1.49435,1.69,1.88
2012.05.11 15:22:29.670,1.49411,1.49435,1.50,1.88
2012.05.11 15:22:30.508,1.49408,1.49436,3.75,1.88
2012.05.11 15:22:32.768,1.49411,1.49436,1.50,1.13
2012.05.11 15:22:33.196,1.49411,1.49437,2.25,1.13
2012.05.11 15:22:33.729,1.49407,1.49437,2.25,1.13
2012.05.11 15:22:34.374,1.49407,1.49437,2.25,1.13
2012.05.11 15:22:40.516,1.49412,1.49437,1.50,1.13
2012.05.11 15:22:41.586,1.49412,1.49437,1.69,2.63
2012.05.11 15:22:42.986,1.49412,1.49437,1.50,1.13
2012.05.11 15:22:44.257,1.49412,1.49438,1.50,4.50
2012.05.11 15:22:46.557,1.4941,1.49438,2.25,4.50
2012.05.11 15:22:50.606,1.49413,1.49439,5.25,1.69
2012.05.11 15:22:50.747,1.49413,1.49439,4.50,2.44
2012.05.11 15:22:51.075,1.49413,1.49433,4.50,1.50
2012.05.11 15:22:53.649,1.49413,1.4944,4.69,2.25
2012.05.11 15:22:53.729,1.49413,1.49432,4.50,1.50
2012.05.11 15:22:53.997,1.49413,1.49434,4.50,1.50
2012.05.11 15:22:54.386,1.49413,1.4943,4.50,1.50
2012.05.11 15:22:55.346,1.49413,1.49434,4.50,2.25
2012.05.11 15:22:57.324,1.49413,1.49431,4.50,1.50
2012.05.11 15:22:57.838,1.49413,1.49434,4.50,2.25
2012.05.11 15:23:00.079,1.49403,1.4943,1.50,1.50
2012.05.11 15:23:00.146,1.49403,1.4943,1.50,1.69
2012.05.11 15:23:00.682,1.49403,1.49429,2.25,1.69
2012.05.11 15:23:02.368,1.49401,1.49428,4.50,2.44
2012.05.11 15:23:04.608,1.49401,1.49427,5.25,1.43
2012.05.11 15:23:05.148,1.49401,1.49428,5.25,2.25
2012.05.11 15:23:05.728,1.49406,1.49434,2.25,1.88
2012.05.11 15:23:05.926,1.49412,1.49437,5.25,2.63
2012.05.11 15:23:05.996,1.49409,1.49435,1.50,1.69
2012.05.11 15:23:06.066,1.49409,1.49433,1.50,1.50
2012.05.11 15:23:06.196,1.49404,1.49433,3.00,2.25
2012.05.11 15:23:06.975,1.49406,1.49433,1.50,2.25
2012.05.11 15:23:07.446,1.49406,1.49436,3.19,1.50
2012.05.11 15:23:07.985,1.4941,1.49436,1.50,1.50
2012.05.11 15:23:10.174,1.49408,1.49436,2.44,3.00
2012.05.11 15:23:10.638,1.4941,1.49437,2.25,4.69
2012.05.11 15:23:12.159,1.49407,1.49436,1.69,2.25
2012.05.11 15:23:17.559,1.49407,1.49435,2.25,3.00
2012.05.11 15:23:21.861,1.49407,1.49435,3.19,2.25
2012.05.11 15:23:26.007,1.49416,1.49439,4.50,1.06
2012.05.11 15:23:26.334,1.49416,1.49432,4.50,1.50
2012.05.11 15:23:26.465,1.49416,1.49436,4.50,2.25
2012.05.11 15:23:28.175,1.49407,1.49436,1.50,2.25
2012.05.11 15:23:28.694,1.49405,1.49435,2.25,1.69
2012.05.11 15:23:29.265,1.49403,1.49433,1.50,1.69
2012.05.11 15:23:32.375,1.49403,1.49433,1.50,3.00
2012.05.11 15:23:32.573,1.49403,1.49432,1.50,1.13
2012.05.11 15:23:35.108,1.49403,1.49433,1.50,3.19
2012.05.11 15:23:35.758,1.49404,1.49433,2.25,3.19
2012.05.11 15:23:37.625,1.49403,1.4943,1.50,1.50
2012.05.11 15:23:37.767,1.49403,1.49432,1.50,1.50
2012.05.11 15:23:38.305,1.49403,1.49433,1.50,3.19
2012.05.11 15:23:38.438,1.49403,1.49433,1.50,3.75
2012.05.11 15:23:38.966,1.49403,1.49429,1.50,1.50
2012.05.11 15:23:39.154,1.49403,1.49426,1.50,1.50
2012.05.11 15:23:39.345,1.49403,1.4943,1.50,2.44
2012.05.11 15:23:41.855,1.49403,1.4943,1.50,1.50
2012.05.11 15:23:42.458,1.49403,1.49431,1.88,1.50
2012.05.11 15:23:43.489,1.49403,1.49431,1.88,1.25
2012.05.11 15:23:43.815,1.49403,1.49429,1.50,1.06
2012.05.11 15:23:46.086,1.49403,1.49428,1.50,1.50
2012.05.11 15:23:46.158,1.49403,1.49426,1.50,1.50
2012.05.11 15:23:46.896,1.49403,1.49428,1.50,4.32
2012.05.11 15:23:49.156,1.49403,1.49428,1.50,2.63
2012.05.11 15:23:49.958,1.49401,1.49428,5.25,2.63
2012.05.11 15:23:53.303,1.49401,1.49427,5.25,1.50
2012.05.11 15:23:57.238,1.49401,1.49429,6.75,1.69
2012.05.11 15:23:57.856,1.49401,1.49427,5.25,1.50
2012.05.11 15:24:01.116,1.49401,1.49428,5.25,2.63
2012.05.11 15:24:01.621,1.49403,1.49423,1.50,1.50
2012.05.11 15:24:01.692,1.49403,1.49426,1.69,1.50
2012.05.11 15:24:02.078,1.49403,1.49428,1.69,1.50
2012.05.11 15:24:02.617,1.49403,1.49425,1.50,1.50
2012.05.11 15:24:02.685,1.49403,1.49429,1.50,1.50
2012.05.11 15:24:03.277,1.49403,1.49432,1.50,2.63
2012.05.11 15:24:04.068,1.49403,1.49428,1.50,1.50
2012.05.11 15:24:04.137,1.49403,1.49431,1.50,1.50
2012.05.11 15:24:04.726,1.49403,1.49432,1.50,2.82
2012.05.11 15:24:06.040,1.49403,1.49428,1.50,1.50
2012.05.11 15:24:06.116,1.49403,1.4943,1.50,3.19
2012.05.11 15:24:06.186,1.49403,1.49428,1.50,1.50
2012.05.11 15:24:08.516,1.49403,1.49428,1.50,2.44
2012.05.11 15:24:09.066,1.49403,1.4943,1.50,1.50
2012.05.11 15:24:09.558,1.49404,1.49432,2.44,2.63
2012.05.11 15:24:09.698,1.49403,1.49431,1.84,2.25
2012.05.11 15:24:10.016,1.49403,1.49428,1.65,1.50
2012.05.11 15:24:10.738,1.49403,1.49428,1.50,2.44
2012.05.11 15:24:16.266,1.49393,1.49421,1.69,1.50
2012.05.11 15:24:16.515,1.4939,1.49421,3.19,2.25
2012.05.11 15:24:17.059,1.4939,1.4942,3.00,1.32
2012.05.11 15:24:19.339,1.4939,1.49417,1.50,1.50
2012.05.11 15:24:19.676,1.49389,1.49414,1.50,2.25
2012.05.11 15:24:20.425,1.49389,1.49416,1.50,1.88
2012.05.11 15:24:22.277,1.49389,1.49415,1.50,1.50
2012.05.11 15:24:29.354,1.49389,1.49417,1.50,2.63
2012.05.11 15:24:31.574,1.49389,1.49417,1.50,2.63
2012.05.11 15:24:36.941,1.49389,1.49417,1.50,3.38
2012.05.11 15:24:37.020,1.49388,1.49415,3.00,1.32
2012.05.11 15:24:38.925,1.49389,1.49414,1.50,1.50
2012.05.11 15:24:39.367,1.49388,1.49413,1.50,2.25
2012.05.11 15:24:39.904,1.49387,1.49411,4.50,1.50
2012.05.11 15:24:40.400,1.49388,1.49414,1.69,1.13
2012.05.11 15:24:40.959,1.49389,1.49416,1.50,2.63
2012.05.11 15:24:41.298,1.49389,1.49415,1.69,1.13
2012.05.11 15:24:41.507,1.49389,1.49416,1.69,1.88
2012.05.11 15:24:42.045,1.49389,1.49415,1.69,1.50
2012.05.11 15:24:42.386,1.49389,1.49415,1.50,1.50
2012.05.11 15:24:42.527,1.49389,1.49415,1.50,1.50
2012.05.11 15:24:45.588,1.49389,1.49415,1.50,2.25
2012.05.11 15:24:45.660,1.49387,1.49412,4.69,1.50
2012.05.11 15:24:45.968,1.49384,1.49409,2.44,2.55
2012.05.11 15:24:46.047,1.49384,1.49407,2.25,1.88
2012.05.11 15:24:46.121,1.49384,1.4941,2.25,1.88
2012.05.11 15:24:46.410,1.49381,1.49405,1.13,1.50
2012.05.11 15:24:46.479,1.4938,1.49409,1.50,2.63
2012.05.11 15:24:46.546,1.49381,1.49405,1.50,1.50
2012.05.11 15:24:46.742,1.49382,1.49409,1.69,2.63
2012.05.11 15:24:46.819,1.49382,1.49409,1.69,2.63
2012.05.11 15:24:47.169,1.49383,1.49409,1.69,1.50
2012.05.11 15:24:47.311,1.49383,1.49412,1.69,1.13
2012.05.11 15:24:47.457,1.49383,1.49408,1.69,1.50
2012.05.11 15:24:48.206,1.49383,1.4941,1.39,1.50
2012.05.11 15:24:48.336,1.49382,1.49408,2.25,1.50
2012.05.11 15:24:48.959,1.49382,1.49406,1.13,1.50
2012.05.11 15:24:49.467,1.49382,1.49408,1.13,3.00
2012.05.11 15:24:52.584,1.49381,1.49411,2.44,3.30
2012.05.11 15:24:53.468,1.4938,1.49409,2.25,1.50
2012.05.11 15:24:55.465,1.49382,1.49411,1.69,3.30
2012.05.11 15:24:55.884,1.49382,1.49409,1.69,1.50
2012.05.11 15:24:58.247,1.4938,1.49409,1.13,3.68
2012.05.11 15:24:58.316,1.4938,1.49405,1.13,1.50
2012.05.11 15:24:58.655,1.49378,1.49405,1.69,1.88
2012.05.11 15:24:59.215,1.49378,1.49405,1.69,1.88
2012.05.11 15:25:07.685,1.49378,1.49406,1.69,1.28
2012.05.11 15:25:08.028,1.49378,1.49405,1.69,2.25
2012.05.11 15:25:08.365,1.49378,1.49405,1.69,1.88
2012.05.11 15:25:09.875,1.49378,1.49407,3.00,1.73
2012.05.11 15:25:14.494,1.49378,1.49408,3.19,3.23
2012.05.11 15:25:16.420,1.49378,1.49408,1.69,3.23
2012.05.11 15:25:17.042,1.49378,1.49405,1.69,1.65
2012.05.11 15:25:17.337,1.49378,1.49407,1.95,1.92
2012.05.11 15:25:18.109,1.49378,1.49407,2.14,1.73
2012.05.11 15:25:20.787,1.49378,1.49404,1.50,1.50
2012.05.11 15:25:20.976,1.49378,1.49405,1.50,1.88
2012.05.11 15:25:21.566,1.49378,1.49407,3.00,2.48
2012.05.11 15:25:23.328,1.49378,1.49405,3.00,1.50
2012.05.11 15:25:23.707,1.49378,1.49405,3.00,2.40
2012.05.11 15:25:25.811,1.49378,1.49401,1.69,1.22
2012.05.11 15:25:25.887,1.49378,1.49404,1.69,2.25
2012.05.11 15:25:25.960,1.49381,1.49404,1.20,1.50
2012.05.11 15:25:26.462,1.49378,1.49397,2.16,1.50
2012.05.11 15:25:26.546,1.49377,1.49399,1.50,1.50
2012.05.11 15:25:27.097,1.49376,1.49399,4.50,2.25
2012.05.11 15:25:27.238,1.49376,1.49396,4.50,1.50
2012.05.11 15:25:27.310,1.4937,1.49396,1.32,1.50
2012.05.11 15:25:27.392,1.49367,1.4939,1.50,1.50
2012.05.11 15:25:27.608,1.49364,1.49392,1.69,1.50
2012.05.11 15:25:28.230,1.49366,1.49394,2.25,1.13
2012.05.11 15:25:28.443,1.49364,1.49391,1.69,1.50
2012.05.11 15:25:28.520,1.49364,1.49391,1.69,1.50
2012.05.11 15:25:28.588,1.49364,1.49388,1.69,1.50
2012.05.11 15:25:29.430,1.49364,1.49391,1.69,2.63
2012.05.11 15:25:29.947,1.49364,1.49388,1.50,2.25
2012.05.11 15:25:31.925,1.49362,1.49388,3.75,1.50
2012.05.11 15:25:38.407,1.49357,1.49385,3.00,1.50
2012.05.11 15:25:39.045,1.49364,1.49386,1.50,1.13
2012.05.11 15:25:39.594,1.49362,1.49386,1.50,1.13
2012.05.11 15:25:42.213,1.49361,1.49386,2.44,1.88
2012.05.11 15:25:42.718,1.49361,1.49386,3.19,1.13
2012.05.11 15:25:43.020,1.49365,1.4939,1.50,1.13
2012.05.11 15:25:43.626,1.49363,1.4939,2.44,1.13
2012.05.11 15:25:44.656,1.49363,1.4939,2.25,1.13
2012.05.11 15:25:44.996,1.49364,1.49391,2.25,1.13
2012.05.11 15:25:45.518,1.49365,1.49392,1.13,2.63
2012.05.11 15:25:47.298,1.49367,1.49394,2.44,1.13
2012.05.11 15:25:48.156,1.49367,1.49394,2.44,1.13
2012.05.11 15:25:57.414,1.49367,1.49394,3.00,1.13
2012.05.11 15:25:59.026,1.49373,1.49394,4.50,1.13
2012.05.11 15:25:59.158,1.49373,1.49396,4.50,1.50
2012.05.11 15:25:59.776,1.49373,1.49395,4.50,1.13
2012.05.11 15:26:03.968,1.49373,1.49393,4.50,1.50
2012.05.11 15:26:04.748,1.49365,1.49393,2.44,2.25
2012.05.11 15:26:04.958,1.49365,1.49393,2.44,2.25
2012.05.11 15:26:05.031,1.49364,1.49391,1.13,1.50
2012.05.11 15:26:05.841,1.49364,1.49393,2.44,1.13
2012.05.11 15:26:06.455,1.49364,1.49393,2.44,1.13
2012.05.11 15:26:06.765,1.49364,1.49393,2.44,1.88
2012.05.11 15:26:13.836,1.49365,1.49393,2.44,1.13
2012.05.11 15:26:14.368,1.49366,1.49393,1.50,1.88
2012.05.11 15:26:16.218,1.49366,1.49393,1.50,1.13
2012.05.11 15:26:17.576,1.49366,1.49393,1.50,1.13
2012.05.11 15:26:19.027,1.49365,1.49393,2.44,1.13
2012.05.11 15:26:20.117,1.49363,1.49391,1.69,1.88
2012.05.11 15:26:23.085,1.49365,1.49393,2.44,1.88
2012.05.11 15:26:24.030,1.49363,1.49392,1.69,1.88
2012.05.11 15:26:24.805,1.49366,1.49392,1.13,1.88
2012.05.11 15:26:27.549,1.49366,1.49393,2.44,1.13
2012.05.11 15:26:29.187,1.49363,1.4939,3.00,1.13
2012.05.11 15:26:29.566,1.49367,1.4939,1.69,1.13
2012.05.11 15:26:33.316,1.49367,1.4939,1.69,1.13
2012.05.11 15:26:35.825,1.49363,1.49393,3.19,1.13
2012.05.11 15:26:36.354,1.49365,1.49393,1.13,1.13
2012.05.11 15:26:36.968,1.49365,1.49393,1.13,1.13
2012.05.11 15:26:43.729,1.49363,1.4939,1.50,2.25
2012.05.11 15:26:44.270,1.49363,1.49389,1.50,1.50
2012.05.11 15:26:44.806,1.49365,1.49391,2.25,1.13
2012.05.11 15:26:45.457,1.49365,1.49392,2.44,1.13
2012.05.11 15:26:49.055,1.49366,1.49392,1.69,1.88
2012.05.11 15:26:50.064,1.49366,1.49392,1.69,1.88
2012.05.11 15:26:51.734,1.49366,1.49392,2.44,1.13
2012.05.11 15:26:56.804,1.49366,1.49393,2.44,1.50
2012.05.11 15:26:57.694,1.49366,1.49392,2.44,1.13
2012.05.11 15:26:59.608,1.49367,1.4939,2.25,1.13
2012.05.11 15:27:00.329,1.49363,1.49389,1.50,1.13
2012.05.11 15:27:00.647,1.49367,1.49389,1.50,1.13
2012.05.11 15:27:00.717,1.49364,1.49389,3.75,1.13
2012.05.11 15:27:01.888,1.49364,1.49392,2.25,1.13
2012.05.11 15:27:03.915,1.49364,1.49389,2.44,1.13
2012.05.11 15:27:04.424,1.49363,1.4939,1.69,1.88
2012.05.11 15:27:07.475,1.49363,1.4939,2.44,1.88
2012.05.11 15:27:08.354,1.49365,1.4939,1.50,1.13
2012.05.11 15:27:08.423,1.49367,1.4939,1.50,1.13
2012.05.11 15:27:08.870,1.49365,1.4939,1.50,1.13
2012.05.11 15:27:09.650,1.49362,1.4939,2.63,1.13
2012.05.11 15:27:13.428,1.49362,1.49387,2.44,4.88
2012.05.11 15:27:13.688,1.4936,1.49383,2.25,2.55
2012.05.11 15:27:13.935,1.4936,1.49383,2.25,2.93
2012.05.11 15:27:20.827,1.49357,1.49383,2.25,1.50
2012.05.11 15:27:23.136,1.4936,1.49383,1.50,1.50
2012.05.11 15:27:23.711,1.49357,1.49383,2.25,1.50
2012.05.11 15:27:28.989,1.49355,1.49383,2.44,2.25
2012.05.11 15:27:29.129,1.49357,1.49385,3.00,2.25
2012.05.11 15:27:29.647,1.49361,1.49385,1.50,1.13
2012.05.11 15:27:29.716,1.49361,1.49386,1.50,1.50
2012.05.11 15:27:30.228,1.49361,1.49387,2.44,5.25
2012.05.11 15:27:32.107,1.49359,1.49387,1.58,5.63
2012.05.11 15:27:35.594,1.49356,1.49385,2.44,1.50
2012.05.11 15:27:36.189,1.49359,1.49385,1.50,2.25
2012.05.11 15:27:36.858,1.49355,1.49385,2.44,2.25
2012.05.11 15:27:37.520,1.49359,1.49385,1.50,2.25
2012.05.11 15:27:38.388,1.49357,1.49383,2.44,1.50
2012.05.11 15:27:38.720,1.49351,1.49376,3.87,1.50
2012.05.11 15:27:38.789,1.49351,1.49376,2.44,1.50
2012.05.11 15:27:39.300,1.49351,1.49375,1.50,1.50
2012.05.11 15:27:39.377,1.4935,1.49375,2.93,1.50
2012.05.11 15:27:39.448,1.49352,1.49377,1.50,1.50
2012.05.11 15:27:39.656,1.49355,1.49377,1.50,1.88
2012.05.11 15:27:39.788,1.49351,1.49378,1.50,1.13
2012.05.11 15:27:40.295,1.49353,1.49379,2.25,1.13
2012.05.11 15:27:41.028,1.49353,1.49379,2.44,1.13
2012.05.11 15:27:41.276,1.49353,1.49381,2.44,1.13
2012.05.11 15:27:43.502,1.49357,1.49383,3.00,1.50
2012.05.11 15:27:43.858,1.49363,1.49387,1.50,4.50
2012.05.11 15:27:44.117,1.49359,1.49387,2.44,4.50
2012.05.11 15:27:45.118,1.49357,1.49386,2.44,2.25
2012.05.11 15:27:50.143,1.49357,1.49385,3.19,1.50
2012.05.11 15:27:50.856,1.49357,1.49385,2.44,1.88
2012.05.11 15:27:55.064,1.4936,1.49385,1.50,1.88
2012.05.11 15:27:59.439,1.49363,1.49385,1.69,1.88
2012.05.11 15:27:59.791,1.49367,1.49393,2.25,2.25
2012.05.11 15:27:59.870,1.49367,1.49393,2.44,2.25
2012.05.11 15:27:59.947,1.49367,1.49393,1.69,2.25
2012.05.11 15:28:00.090,1.49367,1.49395,2.44,3.00
2012.05.11 15:28:00.160,1.49367,1.49395,2.44,2.25
2012.05.11 15:28:00.804,1.49366,1.49393,1.13,1.50
2012.05.11 15:28:00.883,1.49366,1.49395,2.63,1.13
2012.05.11 15:28:01.522,1.49367,1.49396,1.69,1.50
2012.05.11 15:28:01.735,1.49367,1.49396,1.69,1.50
2012.05.11 15:28:02.619,1.49365,1.49394,3.15,2.25
2012.05.11 15:28:02.947,1.49366,1.49392,2.44,1.13
2012.05.11 15:28:03.016,1.49366,1.49392,2.44,1.13
2012.05.11 15:28:04.939,1.49367,1.49394,1.50,2.25
2012.05.11 15:28:05.469,1.49364,1.49393,3.19,2.25
2012.05.11 15:28:05.936,1.49364,1.49391,3.19,1.13
2012.05.11 15:28:10.195,1.49364,1.49392,3.19,1.13
2012.05.11 15:28:10.785,1.49366,1.49393,2.44,1.13
2012.05.11 15:28:11.774,1.49366,1.49393,2.44,1.13
2012.05.11 15:28:14.975,1.49366,1.49393,1.13,1.88
2012.05.11 15:28:15.834,1.49364,1.49391,1.69,2.25
2012.05.11 15:28:16.250,1.49365,1.49391,2.25,1.13
2012.05.11 15:28:16.446,1.49364,1.49389,1.69,1.13
2012.05.11 15:28:17.536,1.49365,1.49389,2.25,1.13
2012.05.11 15:28:17.608,1.49365,1.49389,2.25,1.13
2012.05.11 15:28:17.748,1.49365,1.49389,2.25,1.13
2012.05.11 15:28:18.083,1.49363,1.49388,3.75,1.13
2012.05.11 15:28:18.235,1.49366,1.49389,1.50,1.50
2012.05.11 15:28:20.729,1.49364,1.49392,1.69,2.63
2012.05.11 15:28:20.866,1.49363,1.49392,2.44,2.63
2012.05.11 15:28:21.261,1.49364,1.49389,1.50,1.13
2012.05.11 15:28:22.205,1.49366,1.49391,1.50,1.88
2012.05.11 15:28:23.108,1.49366,1.49391,1.69,1.88
2012.05.11 15:28:23.657,1.49364,1.49391,1.50,1.88
2012.05.11 15:28:24.185,1.49363,1.49389,3.00,1.13
2012.05.11 15:28:25.400,1.49363,1.49389,3.00,1.13
2012.05.11 15:28:25.679,1.49362,1.49388,4.50,2.25
2012.05.11 15:28:26.280,1.49362,1.49388,4.50,2.63
2012.05.11 15:28:27.750,1.49362,1.49386,4.50,1.50
2012.05.11 15:28:28.260,1.49362,1.49386,4.50,1.50
2012.05.11 15:28:29.645,1.49362,1.49385,4.50,1.50
2012.05.11 15:28:30.745,1.49362,1.49386,4.50,1.88
2012.05.11 15:28:31.246,1.49362,1.49386,6.00,1.88
2012.05.11 15:28:32.518,1.49362,1.49387,4.50,1.13
2012.05.11 15:28:33.050,1.49362,1.49388,4.50,2.25
2012.05.11 15:28:39.107,1.49366,1.49388,1.50,1.50
2012.05.11 15:28:39.235,1.49364,1.49389,3.94,1.13
2012.05.11 15:28:42.462,1.49362,1.49385,4.50,1.50
2012.05.11 15:28:42.542,1.49355,1.49383,2.25,1.50
2012.05.11 15:28:42.755,1.49355,1.49383,2.25,1.50
2012.05.11 15:28:44.175,1.49355,1.49382,2.25,1.13
2012.05.11 15:28:44.530,1.49362,1.49383,1.50,1.50
2012.05.11 15:28:44.669,1.49361,1.49385,1.50,1.50
2012.05.11 15:28:44.965,1.49361,1.49385,2.44,1.50
2012.05.11 15:28:46.535,1.49364,1.49386,1.50,1.88
2012.05.11 15:28:47.177,1.49361,1.49386,2.44,1.88
2012.05.11 15:28:48.444,1.49361,1.49386,2.44,1.88
2012.05.11 15:28:54.767,1.49366,1.49386,1.50,1.50
2012.05.11 15:28:54.895,1.49362,1.49386,1.69,1.50
2012.05.11 15:28:55.035,1.49362,1.49385,1.69,1.13
2012.05.11 15:28:55.109,1.49359,1.49384,2.25,1.13
2012.05.11 15:28:55.294,1.49359,1.49386,2.25,1.88
2012.05.11 15:28:55.425,1.49359,1.49386,2.25,1.88
2012.05.11 15:28:55.820,1.49367,1.49386,1.50,1.88
2012.05.11 15:28:56.364,1.49367,1.49386,1.50,1.88
2012.05.11 15:28:56.586,1.49364,1.49386,1.50,1.88
2012.05.11 15:28:57.496,1.49367,1.49386,1.50,1.13
2012.05.11 15:28:57.711,1.49367,1.4939,2.70,1.50
2012.05.11 15:28:57.790,1.49371,1.4939,1.50,1.50
2012.05.11 15:28:57.859,1.49369,1.49394,2.25,1.13
2012.05.11 15:28:58.886,1.49371,1.49394,1.50,1.13
2012.05.11 15:28:59.531,1.49368,1.49394,2.44,1.13
2012.05.11 15:29:00.151,1.49368,1.49394,2.89,1.13
2012.05.11 15:29:00.687,1.49374,1.49394,1.50,1.13
2012.05.11 15:29:01.896,1.4937,1.49394,2.44,1.88
2012.05.11 15:29:05.206,1.4937,1.49395,1.50,1.50
2012.05.11 15:29:05.540,1.49374,1.49395,1.50,1.50
2012.05.11 15:29:07.198,1.4937,1.49396,1.88,1.13
2012.05.11 15:29:08.144,1.4937,1.49396,2.25,1.13
2012.05.11 15:29:10.568,1.49374,1.49395,1.50,1.13
2012.05.11 15:29:10.636,1.49367,1.49395,2.25,1.13
2012.05.11 15:29:10.840,1.4937,1.49395,1.88,1.13
2012.05.11 15:29:10.908,1.4937,1.49396,2.63,1.13
2012.05.11 15:29:11.235,1.49374,1.49398,1.50,1.50
2012.05.11 15:29:11.677,1.4937,1.49396,2.63,1.13
2012.05.11 15:29:12.846,1.49373,1.49396,1.50,1.13
2012.05.11 15:29:13.479,1.49374,1.49396,1.50,1.88
2012.05.11 15:29:17.928,1.4937,1.49396,2.44,1.13
2012.05.11 15:29:19.326,1.49373,1.49396,1.50,1.88
2012.05.11 15:29:19.846,1.49373,1.49398,1.69,1.13
2012.05.11 15:29:19.920,1.49373,1.49398,2.25,1.13
2012.05.11 15:29:20.469,1.49373,1.49398,1.69,1.88
2012.05.11 15:29:21.160,1.49371,1.49398,2.44,1.88
2012.05.11 15:29:22.068,1.49373,1.49398,1.50,2.63
2012.05.11 15:29:23.244,1.49371,1.49398,2.44,1.88
2012.05.11 15:29:25.520,1.49373,1.49398,1.50,1.88
2012.05.11 15:29:26.057,1.49371,1.49398,3.94,1.88
2012.05.11 15:29:27.187,1.49372,1.49398,1.13,1.88
2012.05.11 15:29:27.329,1.49375,1.494,2.25,1.88
2012.05.11 15:29:27.398,1.49375,1.494,2.25,1.88
2012.05.11 15:29:27.468,1.49375,1.494,2.25,1.88
2012.05.11 15:29:27.846,1.49378,1.494,1.50,1.88
2012.05.11 15:29:28.061,1.49378,1.494,2.25,1.88
2012.05.11 15:29:28.611,1.49378,1.494,2.25,1.13
2012.05.11 15:29:28.687,1.4938,1.494,1.50,1.13
2012.05.11 15:29:29.055,1.49378,1.49405,6.75,1.50
2012.05.11 15:29:29.272,1.49378,1.49402,2.25,1.50
2012.05.11 15:29:29.420,1.49374,1.49402,2.44,1.50
2012.05.11 15:29:29.490,1.49377,1.494,1.50,1.43
2012.05.11 15:29:29.568,1.49377,1.49402,1.50,3.30
2012.05.11 15:29:29.987,1.49377,1.49402,1.50,3.00
2012.05.11 15:29:30.318,1.49377,1.49402,1.50,2.63
2012.05.11 15:29:30.801,1.49378,1.49404,2.25,4.50
2012.05.11 15:29:32.103,1.4938,1.49402,1.50,1.50
2012.05.11 15:29:32.635,1.4938,1.49403,1.69,1.50
2012.05.11 15:29:33.945,1.4938,1.49403,1.50,1.50
2012.05.11 15:29:35.870,1.49377,1.49404,2.44,6.38
2012.05.11 15:29:36.077,1.49377,1.49402,1.50,1.50
2012.05.11 15:29:36.630,1.49377,1.49401,1.50,1.32
2012.05.11 15:29:37.197,1.49376,1.49401,2.25,1.32
2012.05.11 15:29:37.638,1.49376,1.49401,2.63,1.13
2012.05.11 15:29:38.000,1.4938,1.49402,1.50,2.25
2012.05.11 15:29:38.679,1.4938,1.49402,1.50,1.50
2012.05.11 15:29:39.085,1.49377,1.49402,1.50,1.50
2012.05.11 15:29:39.768,1.49378,1.49402,1.50,1.50
2012.05.11 15:29:40.266,1.4938,1.49402,1.50,1.50
2012.05.11 15:29:47.666,1.49377,1.49402,3.00,1.50
2012.05.11 15:29:47.976,1.49375,1.49402,1.50,1.50
2012.05.11 15:29:48.477,1.49371,1.49402,3.75,4.32
2012.05.11 15:29:49.212,1.49373,1.49401,1.50,1.13
2012.05.11 15:29:49.349,1.49375,1.49401,1.50,1.13
2012.05.11 15:29:50.507,1.49373,1.49399,1.50,1.13
2012.05.11 15:29:50.578,1.49373,1.49398,1.50,1.13
2012.05.11 15:29:50.921,1.49373,1.49396,1.50,1.32
2012.05.11 15:29:51.809,1.49373,1.49394,1.50,1.13
2012.05.11 15:29:52.092,1.49368,1.49396,3.75,1.13
2012.05.11 15:29:52.170,1.49368,1.49396,1.50,2.25
2012.05.11 15:29:52.676,1.49368,1.49396,1.88,2.25
2012.05.11 15:29:53.727,1.49369,1.49396,2.44,1.50
2012.05.11 15:29:53.998,1.49367,1.49394,1.69,1.88
2012.05.11 15:29:54.136,1.49367,1.49394,1.69,2.25
2012.05.11 15:29:54.584,1.49368,1.49395,1.50,3.00
2012.05.11 15:29:54.667,1.49368,1.49394,1.88,1.50
2012.05.11 15:29:55.127,1.49369,1.49397,2.44,1.50
2012.05.11 15:29:56.927,1.49369,1.49396,2.44,1.13
2012.05.11 15:29:57.000,1.49367,1.49388,1.88,1.13
2012.05.11 15:29:57.069,1.49365,1.49388,2.18,1.13
2012.05.11 15:29:57.139,1.49359,1.49389,2.07,4.88
2012.05.11 15:29:57.207,1.49358,1.49388,2.44,1.13
2012.05.11 15:29:57.418,1.49358,1.49387,2.44,1.50
2012.05.11 15:29:57.777,1.49356,1.49382,1.13,1.13
2012.05.11 15:29:57.919,1.49357,1.49382,1.69,1.13
2012.05.11 15:29:58.464,1.49357,1.49382,1.50,1.50
2012.05.11 15:29:59.008,1.49358,1.49382,1.50,1.50
2012.05.11 15:30:00.298,1.49358,1.49382,1.50,1.50
2012.05.11 15:30:00.838,1.49358,1.49383,2.25,1.13
2012.05.11 15:30:01.363,1.49358,1.49386,2.25,1.13
2012.05.11 15:30:01.436,1.49358,1.49386,2.25,1.13
2012.05.11 15:30:01.678,1.49362,1.49386,1.50,1.13
2012.05.11 15:30:01.938,1.49359,1.49386,2.25,1.13
2012.05.11 15:30:02.589,1.49362,1.49386,1.50,1.13
2012.05.11 15:30:02.869,1.49357,1.49383,3.00,1.13
2012.05.11 15:30:03.607,1.49356,1.49383,2.25,1.50
2012.05.11 15:30:04.235,1.49355,1.49382,5.25,1.13
2012.05.11 15:30:04.752,1.49355,1.49383,5.25,2.07
2012.05.11 15:30:05.787,1.49357,1.49384,1.50,2.25
2012.05.11 15:30:06.326,1.49358,1.49387,3.75,2.63
2012.05.11 15:30:06.587,1.49363,1.49389,1.50,2.82
2012.05.11 15:30:06.846,1.49363,1.49389,1.50,2.44
2012.05.11 15:30:07.368,1.49362,1.49387,1.50,1.50
2012.05.11 15:30:07.739,1.49362,1.49387,1.88,1.50
2012.05.11 15:30:07.811,1.49362,1.49389,1.88,1.50
2012.05.11 15:30:08.600,1.49363,1.49389,2.25,1.50
2012.05.11 15:30:08.727,1.49368,1.49392,1.50,1.88
2012.05.11 15:30:09.260,1.49368,1.49396,1.50,2.25
2012.05.11 15:30:10.045,1.49367,1.49394,1.50,3.19
2012.05.11 15:30:10.547,1.49367,1.4939,1.50,1.50
2012.05.11 15:30:10.758,1.49367,1.49394,1.50,2.44
2012.05.11 15:30:12.046,1.49368,1.49397,1.69,2.25
2012.05.11 15:30:12.119,1.49368,1.49397,1.69,2.63
2012.05.11 15:30:12.189,1.49368,1.49397,1.69,2.63
2012.05.11 15:30:13.292,1.49368,1.49393,1.69,1.50
2012.05.11 15:30:14.537,1.49367,1.49393,1.50,3.00
2012.05.11 15:30:15.085,1.49367,1.49391,1.50,1.50
2012.05.11 15:30:15.404,1.49359,1.49388,1.69,2.25
2012.05.11 15:30:15.946,1.49358,1.49386,2.44,1.13
2012.05.11 15:30:16.452,1.49358,1.49385,3.00,1.81
2012.05.11 15:30:16.813,1.49358,1.49383,1.50,1.50
2012.05.11 15:30:16.961,1.49357,1.49383,2.63,1.50
2012.05.11 15:30:17.976,1.49358,1.49385,2.25,1.13
2012.05.11 15:30:20.296,1.49358,1.49385,2.63,1.13
2012.05.11 15:30:20.898,1.49358,1.49385,3.38,1.13
2012.05.11 15:30:22.836,1.49361,1.49387,1.50,1.50
2012.05.11 15:30:23.886,1.49358,1.49387,2.25,2.25
2012.05.11 15:30:25.446,1.49365,1.49387,4.50,1.88
2012.05.11 15:30:26.230,1.49365,1.49391,4.50,2.25
2012.05.11 15:30:26.370,1.49366,1.49391,2.25,1.50
2012.05.11 15:30:26.887,1.49365,1.4939,4.50,1.50
2012.05.11 15:30:26.958,1.49365,1.49388,4.50,1.50
2012.05.11 15:30:27.299,1.49365,1.49386,4.50,1.50
2012.05.11 15:30:27.746,1.49365,1.49389,4.50,2.44
2012.05.11 15:30:28.277,1.49365,1.49387,4.50,3.00
2012.05.11 15:30:32.236,1.49365,1.49387,4.50,3.00
2012.05.11 15:30:36.536,1.49365,1.49387,4.50,1.50
2012.05.11 15:30:43.848,1.49365,1.49389,4.50,1.88
2012.05.11 15:30:47.657,1.49366,1.49389,1.50,1.50
2012.05.11 15:30:50.332,1.49366,1.49391,1.50,4.50
2012.05.11 15:30:50.926,1.49366,1.49389,1.50,1.50
2012.05.11 15:30:53.409,1.49365,1.49391,5.25,3.00
2012.05.11 15:30:56.646,1.49365,1.49389,5.25,1.50
2012.05.11 15:30:57.596,1.49365,1.49391,5.25,1.50
2012.05.11 15:30:58.889,1.49365,1.49389,5.25,1.50
2012.05.11 15:31:01.727,1.49365,1.49391,5.25,3.00
2012.05.11 15:31:02.960,1.49365,1.49389,5.25,1.50
2012.05.11 15:31:03.931,1.49365,1.49385,5.25,1.50
2012.05.11 15:31:04.011,1.49357,1.49385,3.00,1.50
2012.05.11 15:31:04.146,1.49357,1.49385,3.00,2.25
2012.05.11 15:31:04.347,1.49357,1.49385,2.25,3.00
2012.05.11 15:31:04.915,1.49357,1.49385,2.25,1.69
2012.05.11 15:31:06.549,1.49357,1.49385,2.25,1.88
2012.05.11 15:31:07.975,1.49357,1.49385,2.25,2.44
2012.05.11 15:31:09.961,1.49357,1.49385,2.25,2.63
2012.05.11 15:31:14.020,1.49355,1.49379,1.50,1.50
2012.05.11 15:31:14.672,1.49355,1.49379,1.50,1.50
2012.05.11 15:31:15.396,1.49355,1.49378,1.50,1.50
2012.05.11 15:31:15.956,1.49355,1.49379,1.50,1.50
2012.05.11 15:31:16.526,1.49355,1.49381,1.50,3.19
