2014.05.30 13:00:00.106,1.50066,1.50085,3.19,2.29
2014.05.30 13:00:00.566,1.50069,1.50085,1.32,2.29
2014.05.30 13:00:00.921,1.50072,1.50088,2.07,1.00
2014.05.30 13:00:01.073,1.50074,1.50092,1.39,1.27
2014.05.30 13:00:01.174,1.50074,1.50092,2.14,1.00
2014.05.30 13:00:01.478,1.50077,1.50094,1.19,2.03
2014.05.30 13:00:02.759,1.50075,1.50094,2.82,1.84
2014.05.30 13:00:05.788,1.50075,1.50094,2.82,1.84
2014.05.30 13:00:07.172,1.50075,1.50094,1.69,2.22
2014.05.30 13:00:07.710,1.50075,1.50094,1.32,2.59
2014.05.30 13:00:08.411,1.50079,1.50096,1.69,2.22
2014.05.30 13:00:08.513,1.50079,1.50096,1.69,1.02
2014.05.30 13:00:08.595,1.50079,1.50096,1.69,1.39
2014.05.30 13:00:09.142,1.5008,1.50096,2.07,2.18
2014.05.30 13:00:09.271,1.50082,1.501,1.69,1.72
2014.05.30 13:00:09.375,1.50086,1.501,1.19,1.38
2014.05.30 13:00:09.431,1.50086,1.50104,1.69,2.82
2014.05.30 13:00:10.079,1.50087,1.50104,1.32,2.00
2014.05.30 13:00:10.247,1.50087,1.50104,1.69,1.25
2014.05.30 13:00:10.388,1.50088,1.50104,1.19,1.00
2014.05.30 13:00:11.101,1.50088,1.50105,1.19,1.30
2014.05.30 13:00:11.671,1.50088,1.50106,1.19,2.03
2014.05.30 13:00:13.968,1.50089,1.50106,1.37,1.13
2014.05.30 13:00:14.429,1.50089,1.50106,1.84,2.40
2014.05.30 13:00:15.372,1.50089,1.50106,1.69,1.85
2014.05.30 13:00:15.638,1.50089,1.50106,1.69,1.10
2014.05.30 13:00:17.897,1.5009,1.50108,1.19,1.69
2014.05.30 13:00:18.524,1.5009,1.50108,1.69,1.50
2014.05.30 13:00:19.125,1.50089,1.50108,3.42,1.69
2014.05.30 13:00:19.228,1.50087,1.50106,2.52,1.39
2014.05.30 13:00:19.330,1.50087,1.50106,1.77,2.14
2014.05.30 13:00:19.633,1.50086,1.50102,1.38,1.19
2014.05.30 13:00:19.936,1.50085,1.50102,1.57,1.75
2014.05.30 13:00:20.454,1.50088,1.50102,1.39,1.50
2014.05.30 13:00:20.555,1.50084,1.50104,3.42,1.74
2014.05.30 13:00:20.859,1.50084,1.50097,1.00,1.25
2014.05.30 13:00:20.909,1.50082,1.50097,1.25,1.25
2014.05.30 13:00:20.960,1.50081,1.50098,1.57,1.38
2014.05.30 13:00:21.112,1.50081,1.50099,2.82,1.02
2014.05.30 13:00:21.314,1.50081,1.50099,1.39,1.32
2014.05.30 13:00:21.851,1.50084,1.50099,1.25,1.47
2014.05.30 13:00:22.370,1.50084,1.50099,1.19,1.58
2014.05.30 13:00:23.468,1.50084,1.50099,1.25,1.47
2014.05.30 13:00:23.778,1.50081,1.50099,1.69,1.94
2014.05.30 13:00:24.082,1.50081,1.50095,1.00,1.57
2014.05.30 13:00:24.885,1.50081,1.50095,1.00,1.57
2014.05.30 13:00:25.878,1.50079,1.50095,1.02,1.57
2014.05.30 13:00:26.422,1.50081,1.50097,1.57,1.00
2014.05.30 13:00:26.625,1.50087,1.50102,1.50,1.39
2014.05.30 13:00:26.929,1.50087,1.50103,1.69,1.13
2014.05.30 13:00:27.969,1.50087,1.50104,1.69,1.77
2014.05.30 13:00:28.310,1.50091,1.50106,1.50,1.74
2014.05.30 13:00:28.411,1.50093,1.50108,1.25,1.75
2014.05.30 13:00:28.512,1.50095,1.50108,1.00,1.28
2014.05.30 13:00:28.765,1.50099,1.5011,1.00,1.20
2014.05.30 13:00:29.271,1.50099,1.50111,1.00,1.09
2014.05.30 13:00:29.948,1.50099,1.50112,1.00,1.47
2014.05.30 13:00:30.878,1.50099,1.50111,1.00,1.20
2014.05.30 13:00:31.730,1.501,1.50112,1.00,1.28
2014.05.30 13:00:34.251,1.501,1.50113,1.00,1.09
2014.05.30 13:00:34.915,1.50098,1.50113,2.07,1.20
2014.05.30 13:00:35.387,1.50098,1.50111,1.13,1.20
2014.05.30 13:00:35.489,1.50095,1.50108,1.00,1.20
2014.05.30 13:00:35.843,1.50094,1.50109,1.00,1.19
2014.05.30 13:00:36.062,1.50094,1.50111,1.58,2.22
2014.05.30 13:00:37.040,1.50094,1.50112,1.77,2.22
2014.05.30 13:00:37.142,1.50094,1.50112,1.77,2.22
2014.05.30 13:00:37.647,1.50097,1.50111,1.00,1.09
2014.05.30 13:00:38.107,1.50097,1.50109,1.00,1.20
2014.05.30 13:00:38.360,1.50097,1.50112,1.00,1.47
2014.05.30 13:00:38.991,1.50095,1.50112,1.19,1.47
2014.05.30 13:00:39.485,1.50095,1.5011,1.00,1.47
2014.05.30 13:00:39.790,1.50095,1.50108,1.00,1.39
2014.05.30 13:00:40.726,1.50092,1.50108,1.39,1.39
2014.05.30 13:00:42.585,1.50092,1.50108,1.67,1.09
2014.05.30 13:00:43.336,1.50091,1.50108,1.02,1.54
2014.05.30 13:00:43.856,1.50094,1.50108,1.25,1.68
2014.05.30 13:00:46.017,1.50094,1.50102,1.00,1.00
2014.05.30 13:00:46.364,1.50092,1.50102,1.00,1.00
2014.05.30 13:00:46.465,1.50092,1.50098,1.00,1.00
2014.05.30 13:00:46.729,1.50092,1.50102,1.00,1.00
2014.05.30 13:00:47.050,1.50092,1.50098,1.00,1.00
2014.05.30 13:00:47.116,1.50092,1.50102,1.00,1.00
2014.05.30 13:00:47.336,1.50092,1.50098,1.00,1.00
2014.05.30 13:00:48.565,1.50092,1.50102,1.00,1.00
2014.05.30 13:00:49.427,1.50091,1.50102,1.02,1.00
2014.05.30 13:00:49.909,1.50091,1.50102,1.39,1.00
2014.05.30 13:00:54.156,1.50094,1.50102,1.38,1.00
2014.05.30 13:00:55.816,1.501,1.5011,1.00,1.50
2014.05.30 13:00:56.691,1.501,1.50107,1.00,1.00
2014.05.30 13:00:56.894,1.50094,1.50103,1.02,1.00
2014.05.30 13:00:56.946,1.50095,1.50102,1.63,1.00
2014.05.30 13:00:57.099,1.50095,1.50107,1.63,1.00
2014.05.30 13:00:58.088,1.50095,1.5011,1.88,1.19
2014.05.30 13:00:58.190,1.50101,1.50107,1.13,1.00
2014.05.30 13:00:58.343,1.50101,1.50115,1.28,1.00
2014.05.30 13:00:58.444,1.50102,1.50108,1.58,1.00
2014.05.30 13:00:59.216,1.50102,1.50119,1.77,1.47
2014.05.30 13:00:59.366,1.50102,1.50112,1.29,1.00
2014.05.30 13:00:59.559,1.50109,1.50118,1.13,1.00
2014.05.30 13:00:59.661,1.5011,1.50117,1.88,1.00
2014.05.30 13:01:00.015,1.50106,1.50117,1.00,1.65
2014.05.30 13:01:00.488,1.50105,1.50117,1.19,1.00
2014.05.30 13:01:00.793,1.50104,1.50117,1.69,1.00
2014.05.30 13:01:00.843,1.50104,1.50112,1.32,1.00
2014.05.30 13:01:00.894,1.50103,1.50112,2.07,1.00
2014.05.30 13:01:01.097,1.50103,1.50117,1.19,1.00
2014.05.30 13:01:01.598,1.50102,1.50112,1.19,1.00
2014.05.30 13:01:01.819,1.50102,1.50117,1.19,1.00
2014.05.30 13:01:02.256,1.50102,1.50112,1.19,1.00
2014.05.30 13:01:03.186,1.50102,1.50112,1.19,1.00
2014.05.30 13:01:03.701,1.50102,1.50117,2.22,1.00
2014.05.30 13:01:04.235,1.50101,1.50117,1.32,1.50
2014.05.30 13:01:05.231,1.50103,1.50117,1.57,1.50
2014.05.30 13:01:05.690,1.50103,1.50112,1.57,1.00
2014.05.30 13:01:06.227,1.50103,1.50112,1.19,1.00
2014.05.30 13:01:07.340,1.50103,1.50112,1.19,1.00
2014.05.30 13:01:11.393,1.50103,1.50112,1.25,1.00
2014.05.30 13:01:15.277,1.50103,1.50112,1.19,1.00
2014.05.30 13:01:20.224,1.50103,1.50112,1.25,1.00
2014.05.30 13:01:21.429,1.50103,1.50112,1.19,1.00
2014.05.30 13:01:21.806,1.50103,1.50117,1.19,1.00
2014.05.30 13:01:23.239,1.50103,1.50117,1.57,1.00
2014.05.30 13:01:24.855,1.50103,1.50117,1.19,1.50
2014.05.30 13:01:24.906,1.50103,1.50112,1.19,1.00
2014.05.30 13:01:25.878,1.50103,1.50112,1.25,1.00
2014.05.30 13:01:26.879,1.50098,1.50112,1.10,1.00
2014.05.30 13:01:26.980,1.50095,1.50112,1.69,1.13
2014.05.30 13:01:27.132,1.50095,1.50107,1.69,1.00
2014.05.30 13:01:28.273,1.50095,1.50112,1.19,3.34
2014.05.30 13:01:28.951,1.50095,1.50111,1.19,1.00
2014.05.30 13:01:31.317,1.50093,1.50111,2.89,1.25
2014.05.30 13:01:31.931,1.50095,1.50112,1.19,3.53
2014.05.30 13:01:32.238,1.50097,1.50107,1.57,1.00
2014.05.30 13:01:32.291,1.50098,1.50112,1.32,1.50
2014.05.30 13:01:32.342,1.50101,1.50112,1.19,1.00
2014.05.30 13:01:32.393,1.50103,1.50117,1.19,1.00
2014.05.30 13:01:32.444,1.50104,1.50117,1.19,1.00
2014.05.30 13:01:32.748,1.50104,1.50112,1.77,1.00
2014.05.30 13:01:32.806,1.50104,1.50117,1.77,1.65
2014.05.30 13:01:33.394,1.50104,1.50112,1.77,1.00
2014.05.30 13:01:34.031,1.50104,1.50112,1.29,1.00
2014.05.30 13:01:36.056,1.50104,1.50112,1.29,1.00
2014.05.30 13:01:36.896,1.50098,1.50107,2.52,1.00
2014.05.30 13:01:37.365,1.50098,1.50107,1.19,1.00
2014.05.30 13:01:37.619,1.50097,1.50111,1.37,1.20
2014.05.30 13:01:41.383,1.50097,1.50111,1.19,1.20
2014.05.30 13:01:42.113,1.50097,1.50111,1.19,1.20
2014.05.30 13:01:45.114,1.50097,1.50111,1.19,1.20
2014.05.30 13:01:46.119,1.50097,1.50111,1.19,1.20
2014.05.30 13:01:47.705,1.50097,1.50112,1.19,1.65
2014.05.30 13:01:48.259,1.50097,1.50112,1.19,1.65
2014.05.30 13:01:49.175,1.50097,1.50112,1.19,1.65
2014.05.30 13:01:49.978,1.50102,1.50112,1.75,1.00
2014.05.30 13:01:50.282,1.50106,1.50112,1.29,1.00
2014.05.30 13:01:50.383,1.50106,1.50117,1.29,1.00
2014.05.30 13:01:51.058,1.50104,1.50112,1.39,1.00
2014.05.30 13:01:51.617,1.50104,1.50117,1.69,1.00
2014.05.30 13:01:53.835,1.50104,1.50112,2.14,1.00
2014.05.30 13:01:54.139,1.50104,1.50119,2.14,1.20
2014.05.30 13:01:54.240,1.50104,1.50112,1.29,1.00
2014.05.30 13:01:54.603,1.50104,1.50117,1.29,1.00
2014.05.30 13:01:56.103,1.50106,1.50117,1.32,1.00
2014.05.30 13:01:58.158,1.50106,1.50117,1.32,1.00
2014.05.30 13:02:00.165,1.50103,1.50117,1.84,1.00
2014.05.30 13:02:00.267,1.50101,1.50112,2.52,1.00
2014.05.30 13:02:00.317,1.50101,1.50112,1.13,1.00
2014.05.30 13:02:00.607,1.50099,1.50116,1.32,1.54
2014.05.30 13:02:00.658,1.50101,1.50117,1.32,1.18
2014.05.30 13:02:01.180,1.501,1.50117,1.57,1.00
2014.05.30 13:02:02.455,1.501,1.50112,2.07,1.00
2014.05.30 13:02:02.709,1.50096,1.50112,1.64,1.32
2014.05.30 13:02:02.927,1.50095,1.50107,1.57,1.00
2014.05.30 13:02:05.095,1.50095,1.50112,1.32,1.25
2014.05.30 13:02:05.975,1.50096,1.50112,1.19,1.25
2014.05.30 13:02:06.734,1.50094,1.50112,2.14,1.13
2014.05.30 13:02:07.701,1.50094,1.50112,1.67,1.32
2014.05.30 13:02:11.635,1.50094,1.50112,1.67,1.32
2014.05.30 13:02:12.632,1.50094,1.50112,1.67,1.32
2014.05.30 13:02:17.305,1.50094,1.50107,2.14,1.00
2014.05.30 13:02:17.826,1.50095,1.50112,1.19,1.25
2014.05.30 13:02:18.699,1.50094,1.50112,2.89,1.00
2014.05.30 13:02:19.723,1.50094,1.50112,2.14,1.25
2014.05.30 13:02:19.824,1.50094,1.50107,2.14,1.00
2014.05.30 13:02:19.926,1.50094,1.50107,1.39,1.00
2014.05.30 13:02:20.128,1.50095,1.50107,1.32,1.00
2014.05.30 13:02:20.179,1.50095,1.50112,1.32,1.09
2014.05.30 13:02:20.433,1.50102,1.50112,1.00,1.00
2014.05.30 13:02:20.940,1.50097,1.50107,1.63,1.00
2014.05.30 13:02:20.990,1.50097,1.50107,1.63,1.00
2014.05.30 13:02:21.907,1.50097,1.50107,1.69,1.00
2014.05.30 13:02:22.318,1.50098,1.50114,2.07,1.29
2014.05.30 13:02:22.369,1.50099,1.50112,1.57,1.00
2014.05.30 13:02:22.914,1.50105,1.50112,1.38,1.00
2014.05.30 13:02:23.117,1.50105,1.50117,1.63,1.00
2014.05.30 13:02:24.672,1.50103,1.50112,1.39,1.00
2014.05.30 13:02:24.875,1.50103,1.50117,2.14,1.00
2014.05.30 13:02:25.128,1.50103,1.50112,1.39,1.00
2014.05.30 13:02:27.313,1.50102,1.50112,1.84,1.00
2014.05.30 13:02:27.667,1.50102,1.50112,1.57,1.00
2014.05.30 13:02:28.241,1.50103,1.50112,2.44,1.00
2014.05.30 13:02:28.746,1.50102,1.50112,2.89,1.00
2014.05.30 13:02:30.120,1.50104,1.50113,2.07,1.00
2014.05.30 13:02:34.793,1.50105,1.50117,1.57,1.00
2014.05.30 13:02:38.018,1.50105,1.50117,1.19,1.00
2014.05.30 13:02:43.427,1.50104,1.50112,1.57,1.00
2014.05.30 13:02:43.974,1.50103,1.50117,2.44,1.00
2014.05.30 13:02:44.084,1.50103,1.50112,1.69,1.00
2014.05.30 13:02:44.856,1.50103,1.50117,2.44,1.00
2014.05.30 13:02:45.122,1.50103,1.50112,2.44,1.00
2014.05.30 13:02:46.639,1.50103,1.50117,2.07,1.00
2014.05.30 13:02:47.292,1.50101,1.50112,1.69,1.00
2014.05.30 13:02:47.595,1.50096,1.50107,1.13,1.00
2014.05.30 13:02:48.164,1.50094,1.50107,2.07,1.00
2014.05.30 13:02:48.540,1.50097,1.50107,1.38,1.00
2014.05.30 13:02:48.708,1.50099,1.50112,1.57,1.00
2014.05.30 13:02:49.606,1.50101,1.50112,1.19,1.00
2014.05.30 13:02:50.830,1.50101,1.50112,1.13,1.00
2014.05.30 13:02:50.932,1.50098,1.50112,1.13,1.69
2014.05.30 13:02:51.034,1.50098,1.50112,1.00,2.14
2014.05.30 13:02:51.135,1.50095,1.50107,1.00,1.00
2014.05.30 13:02:51.287,1.50097,1.50107,1.00,1.19
2014.05.30 13:02:51.389,1.50091,1.50107,1.77,1.19
2014.05.30 13:02:51.959,1.50089,1.50107,1.34,1.69
2014.05.30 13:02:52.715,1.50089,1.50107,2.22,1.32
2014.05.30 13:02:53.248,1.50089,1.50107,2.22,1.13
2014.05.30 13:02:56.975,1.50089,1.50102,2.59,1.00
2014.05.30 13:02:57.077,1.50093,1.50107,1.02,1.00
2014.05.30 13:02:57.178,1.50093,1.50109,2.52,1.00
2014.05.30 13:02:57.229,1.50093,1.50112,2.89,3.34
2014.05.30 13:02:57.769,1.50097,1.50112,1.32,1.00
2014.05.30 13:03:00.217,1.50097,1.50112,1.19,1.00
2014.05.30 13:03:00.526,1.50097,1.50107,1.19,1.00
2014.05.30 13:03:00.633,1.50097,1.50112,1.19,1.65
2014.05.30 13:03:01.316,1.50097,1.50112,1.19,1.00
2014.05.30 13:03:05.229,1.50098,1.50112,1.19,1.00
2014.05.30 13:03:13.785,1.50098,1.50112,1.32,1.00
2014.05.30 13:03:14.083,1.50097,1.50112,2.07,1.00
2014.05.30 13:03:15.078,1.50097,1.50112,2.07,1.00
2014.05.30 13:03:16.083,1.50098,1.50112,1.19,1.00
2014.05.30 13:03:17.058,1.50098,1.50116,1.32,1.84
2014.05.30 13:03:18.324,1.50098,1.50116,1.32,1.84
2014.05.30 13:03:19.381,1.50097,1.50112,2.07,1.00
2014.05.30 13:03:20.335,1.50098,1.50112,1.32,1.00
2014.05.30 13:03:22.375,1.50098,1.50112,1.32,1.00
2014.05.30 13:03:23.357,1.50098,1.50112,1.32,1.00
2014.05.30 13:03:26.368,1.50098,1.50112,1.32,1.00
2014.05.30 13:03:27.054,1.50098,1.50107,1.32,1.00
2014.05.30 13:03:28.497,1.50098,1.50107,1.32,1.00
2014.05.30 13:03:28.722,1.50095,1.50107,1.32,1.00
2014.05.30 13:03:29.025,1.50092,1.50107,1.47,1.00
2014.05.30 13:03:29.076,1.50092,1.50102,1.47,1.00
2014.05.30 13:03:29.329,1.50091,1.50102,1.32,1.00
2014.05.30 13:03:29.380,1.50091,1.50107,1.32,1.25
2014.05.30 13:03:29.430,1.50091,1.50107,1.32,1.00
2014.05.30 13:03:30.433,1.5009,1.50107,2.89,1.00
2014.05.30 13:03:31.446,1.50091,1.50107,1.19,1.00
2014.05.30 13:03:32.112,1.50091,1.50107,1.19,1.95
2014.05.30 13:03:32.430,1.50091,1.50102,1.19,1.00
2014.05.30 13:03:32.582,1.50091,1.50106,1.19,1.58
2014.05.30 13:03:32.886,1.50089,1.50106,1.32,2.03
2014.05.30 13:03:33.089,1.50089,1.50105,1.32,1.13
2014.05.30 13:03:33.614,1.50089,1.50105,1.32,1.13
2014.05.30 13:03:34.770,1.50093,1.50107,1.00,3.27
2014.05.30 13:03:35.289,1.50089,1.50107,1.19,3.27
2014.05.30 13:03:35.485,1.50088,1.50107,2.07,3.27
2014.05.30 13:03:36.017,1.50087,1.50102,1.77,1.00
2014.05.30 13:03:36.572,1.50087,1.50102,1.77,1.00
2014.05.30 13:03:39.577,1.50091,1.50102,1.00,1.00
2014.05.30 13:03:43.643,1.50091,1.50097,1.00,1.00
2014.05.30 13:03:43.865,1.50091,1.50105,1.00,1.63
2014.05.30 13:03:44.907,1.50091,1.50105,1.00,1.25
2014.05.30 13:03:45.009,1.50091,1.50102,1.00,1.00
2014.05.30 13:03:45.319,1.50091,1.50105,1.25,1.00
2014.05.30 13:03:45.420,1.50091,1.50102,1.25,1.00
2014.05.30 13:03:49.716,1.5009,1.50102,2.22,1.00
2014.05.30 13:03:50.020,1.50093,1.50102,2.07,1.00
2014.05.30 13:03:50.172,1.50094,1.50107,1.94,1.00
2014.05.30 13:03:50.717,1.50093,1.50107,4.09,1.00
2014.05.30 13:03:51.776,1.50094,1.50107,4.09,1.00
2014.05.30 13:03:52.332,1.50098,1.50107,1.00,1.00
2014.05.30 13:03:53.772,1.50098,1.50107,1.19,1.00
2014.05.30 13:03:55.772,1.50098,1.50107,1.32,1.00
2014.05.30 13:03:57.722,1.50098,1.50107,1.32,1.00
2014.05.30 13:03:57.877,1.50098,1.50112,2.07,1.10
2014.05.30 13:03:58.158,1.50098,1.50107,1.32,1.00
2014.05.30 13:03:59.903,1.50098,1.50112,1.88,1.02
2014.05.30 13:04:04.022,1.50098,1.50107,1.32,1.00
2014.05.30 13:04:07.494,1.501,1.50113,1.13,1.28
2014.05.30 13:04:07.933,1.501,1.50107,1.13,1.00
2014.05.30 13:04:08.442,1.50097,1.50107,1.19,1.00
2014.05.30 13:04:09.839,1.50097,1.50104,1.13,1.00
2014.05.30 13:04:09.892,1.50097,1.50103,1.32,1.00
2014.05.30 13:04:09.945,1.50097,1.50107,1.32,1.00
2014.05.30 13:04:10.147,1.50098,1.50107,1.19,1.00
2014.05.30 13:04:10.450,1.50098,1.50107,1.19,1.00
2014.05.30 13:04:10.501,1.50101,1.50112,1.19,1.00
2014.05.30 13:04:10.603,1.50102,1.50117,1.39,1.38
2014.05.30 13:04:11.665,1.50102,1.50117,1.19,1.38
2014.05.30 13:04:11.915,1.50102,1.50108,1.19,1.00
2014.05.30 13:04:12.070,1.501,1.50107,1.39,1.00
2014.05.30 13:04:12.222,1.501,1.50108,1.54,1.00
2014.05.30 13:04:12.275,1.50105,1.50112,1.00,1.00
2014.05.30 13:04:12.377,1.50105,1.50117,1.19,1.00
2014.05.30 13:04:12.428,1.50106,1.50117,1.19,1.00
2014.05.30 13:04:13.348,1.50105,1.50113,1.84,1.00
2014.05.30 13:04:13.454,1.50104,1.50117,1.57,1.00
2014.05.30 13:04:13.909,1.50105,1.50117,1.32,1.00
2014.05.30 13:04:14.362,1.50105,1.5012,1.32,1.38
2014.05.30 13:04:14.897,1.50105,1.50117,1.32,1.00
2014.05.30 13:04:15.790,1.50106,1.50117,1.38,1.00
2014.05.30 13:04:16.758,1.50106,1.50113,1.57,1.00
2014.05.30 13:04:16.923,1.50102,1.50112,1.74,1.00
2014.05.30 13:04:17.075,1.50103,1.50117,1.32,1.00
2014.05.30 13:04:17.875,1.50103,1.50117,1.32,1.00
2014.05.30 13:04:20.921,1.50103,1.50117,1.19,1.00
2014.05.30 13:04:23.837,1.50103,1.50117,1.25,1.00
2014.05.30 13:04:23.998,1.50103,1.50117,1.63,1.00
2014.05.30 13:04:24.302,1.50107,1.50117,1.29,1.00
2014.05.30 13:04:24.652,1.50109,1.50122,1.13,1.00
2014.05.30 13:04:26.259,1.50109,1.50122,1.32,1.00
2014.05.30 13:04:28.140,1.50111,1.50122,1.20,1.00
2014.05.30 13:04:32.302,1.5011,1.50122,1.09,1.00
2014.05.30 13:04:33.257,1.5011,1.50122,1.39,1.00
2014.05.30 13:04:33.863,1.5011,1.50122,1.84,1.00
2014.05.30 13:04:34.015,1.50114,1.50127,1.57,1.00
2014.05.30 13:04:34.217,1.50114,1.50122,2.22,1.00
2014.05.30 13:04:34.884,1.50114,1.50127,2.22,1.00
2014.05.30 13:04:35.691,1.50118,1.50127,1.00,1.00
2014.05.30 13:04:37.696,1.50119,1.50127,1.13,1.00
2014.05.30 13:04:38.848,1.50119,1.50132,2.07,1.10
2014.05.30 13:04:38.899,1.50121,1.50132,1.20,1.00
2014.05.30 13:04:38.954,1.50123,1.50135,1.00,1.00
2014.05.30 13:04:39.106,1.50123,1.50137,2.59,1.13
2014.05.30 13:04:39.937,1.50123,1.50132,1.84,1.00
2014.05.30 13:04:40.255,1.50123,1.50137,2.59,1.13
2014.05.30 13:04:41.154,1.50123,1.50132,1.84,1.00
2014.05.30 13:04:45.985,1.50123,1.50137,3.04,1.00
2014.05.30 13:04:46.137,1.50126,1.50137,1.20,1.00
2014.05.30 13:04:46.717,1.50124,1.50137,1.39,1.00
2014.05.30 13:04:47.060,1.50124,1.50132,1.09,1.00
2014.05.30 13:04:48.417,1.50124,1.50137,1.65,1.00
2014.05.30 13:04:49.093,1.50126,1.50137,1.20,1.00
2014.05.30 13:04:49.864,1.50125,1.50137,1.20,1.00
2014.05.30 13:04:50.243,1.50124,1.50132,1.84,1.00
2014.05.30 13:04:52.225,1.50124,1.50137,1.84,1.00
2014.05.30 13:04:52.471,1.50124,1.50132,1.84,1.00
2014.05.30 13:04:55.524,1.50124,1.50137,1.65,1.00
2014.05.30 13:04:56.624,1.50124,1.50132,1.00,1.00
2014.05.30 13:04:58.771,1.50121,1.50132,1.69,1.00
2014.05.30 13:05:04.130,1.50121,1.50132,1.69,1.00
2014.05.30 13:05:05.140,1.50121,1.50132,1.32,1.00
2014.05.30 13:05:10.799,1.50124,1.50132,1.00,1.00
2014.05.30 13:05:10.850,1.50124,1.50137,1.00,1.38
2014.05.30 13:05:10.951,1.50124,1.50137,1.69,1.00
2014.05.30 13:05:11.255,1.50133,1.50142,1.00,1.00
2014.05.30 13:05:11.711,1.50133,1.50138,1.25,1.00
2014.05.30 13:05:12.118,1.50133,1.50142,1.00,1.00
2014.05.30 13:05:14.432,1.50133,1.50147,1.50,1.57
2014.05.30 13:05:14.685,1.50133,1.50142,1.00,1.00
2014.05.30 13:05:22.182,1.50132,1.50142,1.00,1.00
2014.05.30 13:05:33.588,1.5013,1.50137,1.32,1.00
2014.05.30 13:05:33.894,1.5013,1.50142,1.32,1.00
2014.05.30 13:05:34.149,1.5013,1.50142,1.02,1.00
2014.05.30 13:05:37.092,1.50132,1.50142,1.00,1.00
2014.05.30 13:05:37.867,1.50132,1.50137,1.00,1.00
2014.05.30 13:05:42.372,1.50129,1.50137,1.19,1.00
2014.05.30 13:05:43.130,1.50129,1.50142,1.19,1.00
2014.05.30 13:05:43.742,1.50129,1.50142,1.00,1.00
2014.05.30 13:05:43.843,1.50129,1.50142,1.00,1.19
2014.05.30 13:05:44.147,1.50129,1.50137,1.00,1.00
2014.05.30 13:05:44.266,1.50126,1.50137,1.13,1.00
2014.05.30 13:05:46.777,1.50128,1.50142,1.00,1.37
2014.05.30 13:05:48.395,1.50126,1.50137,1.32,1.00
2014.05.30 13:05:50.524,1.50128,1.50142,1.00,1.37
2014.05.30 13:05:51.649,1.50128,1.50142,1.88,1.19
2014.05.30 13:05:52.465,1.50128,1.50142,1.88,1.19
2014.05.30 13:05:56.012,1.50128,1.50142,1.13,1.19
2014.05.30 13:05:57.366,1.50128,1.50142,1.13,1.25
2014.05.30 13:05:58.007,1.50124,1.50137,2.22,1.00
2014.05.30 13:05:58.209,1.50128,1.50141,1.00,1.00
2014.05.30 13:05:58.311,1.50124,1.50137,1.74,1.00
2014.05.30 13:05:59.051,1.50123,1.50137,1.84,1.00
2014.05.30 13:05:59.819,1.50123,1.50137,1.84,1.00
2014.05.30 13:06:00.363,1.50124,1.50137,1.25,1.00
2014.05.30 13:06:01.024,1.50124,1.50137,1.38,1.00
2014.05.30 13:06:01.177,1.50124,1.50137,1.13,1.00
2014.05.30 13:06:03.160,1.50124,1.50132,1.13,1.00
2014.05.30 13:06:06.130,1.50121,1.50132,1.32,1.00
2014.05.30 13:06:07.306,1.50121,1.50128,1.32,1.00
2014.05.30 13:06:07.560,1.50117,1.50127,1.25,1.00
2014.05.30 13:06:07.665,1.50113,1.50122,2.89,1.00
2014.05.30 13:06:07.766,1.50113,1.50122,1.58,1.00
2014.05.30 13:06:07.872,1.50113,1.50127,2.33,1.00
2014.05.30 13:06:08.075,1.50118,1.50132,1.00,2.22
2014.05.30 13:06:08.378,1.50113,1.50127,2.07,1.00
2014.05.30 13:06:08.633,1.50113,1.50132,2.82,3.12
2014.05.30 13:06:09.073,1.50113,1.50132,2.82,2.74
2014.05.30 13:06:09.376,1.50121,1.50132,1.19,1.00
2014.05.30 13:06:09.629,1.50123,1.50137,1.00,1.02
2014.05.30 13:06:10.152,1.50123,1.50137,1.38,1.25
2014.05.30 13:06:11.581,1.50128,1.50139,1.00,1.84
2014.05.30 13:06:12.104,1.50128,1.50137,1.00,1.20
2014.05.30 13:06:12.608,1.50128,1.50139,1.00,1.84
2014.05.30 13:06:13.123,1.50123,1.50137,1.63,1.00
2014.05.30 13:06:14.129,1.50128,1.50139,1.00,1.25
2014.05.30 13:06:18.111,1.50123,1.50137,1.32,1.00
2014.05.30 13:06:18.630,1.50123,1.50137,1.13,1.92
2014.05.30 13:06:19.435,1.50123,1.50137,1.13,1.02
2014.05.30 13:06:21.168,1.50123,1.50137,1.13,1.33
2014.05.30 13:06:23.126,1.50123,1.50137,1.13,1.25
2014.05.30 13:06:23.551,1.50123,1.50132,1.00,1.20
2014.05.30 13:06:23.804,1.50123,1.50136,1.19,1.55
2014.05.30 13:06:23.855,1.50123,1.50132,1.19,1.00
2014.05.30 13:06:23.956,1.50123,1.50137,1.19,2.78
2014.05.30 13:06:24.491,1.50123,1.50136,1.00,1.24
2014.05.30 13:06:24.750,1.50121,1.50132,1.25,1.00
2014.05.30 13:06:25.104,1.50123,1.50137,1.00,1.47
2014.05.30 13:06:26.001,1.50123,1.50137,1.00,1.47
2014.05.30 13:06:26.513,1.50123,1.50134,1.75,1.00
2014.05.30 13:06:26.724,1.50128,1.50139,1.00,2.74
2014.05.30 13:06:26.892,1.50133,1.50139,1.00,1.65
2014.05.30 13:06:26.942,1.50133,1.50141,1.00,1.30
2014.05.30 13:06:27.417,1.50128,1.50143,1.19,1.15
2014.05.30 13:06:28.327,1.50128,1.50143,1.50,1.99
2014.05.30 13:06:28.930,1.50128,1.50143,1.50,2.97
2014.05.30 13:06:29.374,1.50124,1.50142,2.07,2.07
2014.05.30 13:06:31.791,1.50124,1.50132,2.07,1.00
2014.05.30 13:06:31.893,1.50124,1.50132,1.69,1.00
2014.05.30 13:06:32.130,1.50124,1.50137,1.25,1.10
2014.05.30 13:06:32.384,1.50122,1.50132,1.63,1.00
2014.05.30 13:06:32.587,1.50119,1.50132,1.19,1.00
2014.05.30 13:06:33.150,1.50117,1.50127,2.44,1.00
2014.05.30 13:06:33.403,1.50115,1.50127,1.77,1.00
2014.05.30 13:06:33.555,1.50118,1.50132,1.00,3.12
2014.05.30 13:06:33.881,1.50114,1.50127,2.07,1.00
2014.05.30 13:06:34.080,1.50114,1.50127,1.69,1.00
2014.05.30 13:06:34.890,1.50113,1.50122,1.69,1.00
2014.05.30 13:06:35.093,1.50113,1.50127,1.69,1.38
2014.05.30 13:06:35.608,1.50113,1.50127,2.44,1.00
2014.05.30 13:06:35.776,1.50113,1.50125,1.00,1.00
2014.05.30 13:06:36.090,1.50113,1.50123,1.00,1.80
2014.05.30 13:06:37.094,1.50113,1.50123,1.00,2.55
2014.05.30 13:06:38.414,1.50108,1.50122,1.00,2.14
2014.05.30 13:06:38.515,1.50108,1.50115,1.00,1.20
2014.05.30 13:06:38.819,1.50103,1.50108,1.00,1.48
2014.05.30 13:06:39.173,1.50098,1.50108,1.00,1.95
2014.05.30 13:06:39.805,1.50098,1.5011,1.00,1.02
2014.05.30 13:06:39.958,1.50103,1.50111,1.00,1.00
2014.05.30 13:06:40.262,1.50103,1.50116,1.25,1.30
2014.05.30 13:06:40.774,1.50103,1.50117,1.25,1.00
2014.05.30 13:06:40.922,1.50103,1.50109,1.00,1.00
2014.05.30 13:06:41.392,1.50098,1.50109,1.10,1.00
2014.05.30 13:06:41.707,1.50098,1.50109,1.00,1.75
2014.05.30 13:06:43.873,1.50102,1.50111,1.00,2.82
2014.05.30 13:06:43.983,1.50098,1.50111,1.00,2.82
2014.05.30 13:06:44.206,1.50102,1.50111,1.00,2.82
2014.05.30 13:06:44.897,1.50103,1.50111,1.00,2.44
2014.05.30 13:06:44.999,1.50098,1.50111,1.00,2.44
2014.05.30 13:06:45.100,1.50103,1.50111,1.00,2.44
2014.05.30 13:06:45.852,1.50098,1.50111,1.00,2.44
2014.05.30 13:06:47.320,1.50098,1.50111,1.00,2.44
2014.05.30 13:06:48.096,1.50098,1.50111,1.25,1.00
2014.05.30 13:06:48.661,1.50098,1.50112,1.00,1.25
2014.05.30 13:06:49.090,1.50098,1.50112,1.57,1.00
2014.05.30 13:06:49.427,1.50103,1.50117,1.13,4.09
2014.05.30 13:06:49.682,1.50103,1.50117,1.69,1.65
2014.05.30 13:06:50.127,1.50108,1.50118,1.00,1.20
2014.05.30 13:06:50.431,1.50108,1.50121,1.00,1.54
2014.05.30 13:06:50.583,1.50103,1.50121,2.44,1.54
2014.05.30 13:06:50.886,1.50108,1.50122,1.00,2.74
2014.05.30 13:06:51.139,1.50108,1.50122,1.00,2.67
2014.05.30 13:06:51.190,1.50108,1.50119,1.00,1.20
2014.05.30 13:06:51.502,1.50106,1.50117,1.32,1.00
2014.05.30 13:06:51.553,1.50108,1.50121,1.19,1.20
2014.05.30 13:06:52.067,1.50108,1.50122,1.19,1.65
2014.05.30 13:06:52.435,1.50108,1.50122,1.19,2.03
2014.05.30 13:06:52.537,1.50105,1.50117,1.25,1.00
2014.05.30 13:06:52.791,1.50108,1.50117,1.00,1.09
2014.05.30 13:06:53.045,1.50103,1.50115,1.00,1.65
2014.05.30 13:06:53.096,1.50108,1.50116,1.00,1.09
2014.05.30 13:06:53.688,1.50108,1.5012,1.00,1.67
2014.05.30 13:06:53.790,1.50108,1.5012,1.00,1.67
2014.05.30 13:06:54.082,1.50108,1.5012,1.00,1.29
2014.05.30 13:06:54.849,1.50108,1.5012,1.00,1.00
2014.05.30 13:06:54.950,1.50113,1.50126,1.50,1.13
2014.05.30 13:06:55.254,1.50118,1.50132,1.00,3.00
2014.05.30 13:06:55.304,1.50118,1.50132,1.00,1.00
2014.05.30 13:06:55.456,1.50118,1.50131,1.00,1.19
2014.05.30 13:06:55.830,1.50114,1.50127,1.32,1.00
2014.05.30 13:06:56.217,1.50113,1.50127,1.57,1.00
2014.05.30 13:06:56.372,1.50118,1.50131,1.00,1.39
2014.05.30 13:06:56.675,1.50118,1.50126,1.00,1.69
2014.05.30 13:06:56.727,1.50113,1.50124,1.00,1.32
2014.05.30 13:06:57.182,1.50108,1.50122,1.00,1.25
2014.05.30 13:06:57.233,1.50108,1.5012,1.00,1.00
2014.05.30 13:06:57.645,1.50108,1.50122,1.00,1.25
2014.05.30 13:06:58.157,1.50108,1.50122,1.00,1.69
2014.05.30 13:06:58.209,1.50108,1.50122,1.00,2.44
2014.05.30 13:06:58.361,1.50103,1.50117,1.69,1.00
2014.05.30 13:06:58.841,1.50106,1.50117,1.20,1.00
2014.05.30 13:06:58.994,1.50103,1.50117,2.14,1.00
2014.05.30 13:07:00.015,1.50108,1.5012,1.00,1.02
2014.05.30 13:07:00.660,1.50103,1.50117,1.25,1.10
2014.05.30 13:07:01.531,1.50103,1.50117,1.19,1.10
2014.05.30 13:07:01.734,1.50108,1.50122,1.25,1.28
2014.05.30 13:07:02.707,1.50108,1.50122,1.25,1.00
2014.05.30 13:07:03.216,1.50109,1.50122,1.09,1.00
2014.05.30 13:07:03.748,1.50109,1.50122,1.84,1.00
2014.05.30 13:07:04.794,1.50111,1.50122,1.88,1.00
2014.05.30 13:07:05.097,1.50116,1.50127,1.20,1.00
2014.05.30 13:07:05.148,1.50116,1.50127,2.22,1.00
2014.05.30 13:07:05.604,1.50118,1.50132,2.44,1.00
2014.05.30 13:07:06.009,1.50118,1.50132,1.00,1.69
2014.05.30 13:07:06.340,1.50114,1.50127,1.57,1.00
2014.05.30 13:07:06.391,1.50118,1.50132,1.00,1.27
2014.05.30 13:07:06.933,1.50118,1.50132,1.00,1.34
2014.05.30 13:07:08.481,1.50113,1.50127,1.69,1.00
2014.05.30 13:07:08.784,1.50118,1.5013,1.00,1.77
2014.05.30 13:07:08.835,1.50113,1.50127,1.19,1.10
2014.05.30 13:07:09.358,1.50113,1.50127,1.19,1.48
2014.05.30 13:07:10.133,1.50118,1.5013,1.00,1.77
2014.05.30 13:07:10.678,1.50118,1.5013,1.00,1.02
2014.05.30 13:07:12.465,1.50113,1.50127,2.44,1.10
2014.05.30 13:07:13.002,1.50113,1.50127,2.07,1.10
2014.05.30 13:07:13.515,1.50113,1.50127,2.07,1.10
2014.05.30 13:07:14.073,1.50118,1.5013,1.00,1.02
2014.05.30 13:07:14.463,1.50118,1.50132,1.00,1.32
2014.05.30 13:07:15.156,1.50118,1.50132,1.19,1.00
2014.05.30 13:07:15.702,1.50123,1.50136,1.00,1.54
2014.05.30 13:07:16.142,1.50123,1.50136,1.00,1.54
2014.05.30 13:07:16.621,1.50119,1.50132,1.57,1.00
2014.05.30 13:07:18.256,1.50119,1.50127,1.19,1.00
2014.05.30 13:07:18.358,1.50119,1.50132,1.19,1.00
2014.05.30 13:07:18.823,1.50119,1.50127,1.19,1.00
2014.05.30 13:07:19.267,1.50119,1.50132,1.19,1.00
2014.05.30 13:07:22.507,1.50122,1.50132,1.19,1.00
2014.05.30 13:07:22.659,1.50128,1.5014,1.00,2.10
2014.05.30 13:07:22.761,1.50127,1.50142,1.19,1.75
2014.05.30 13:07:22.862,1.50127,1.50142,1.19,1.00
2014.05.30 13:07:23.391,1.5013,1.50142,1.63,1.00
2014.05.30 13:07:23.933,1.5013,1.50142,1.13,1.00
2014.05.30 13:07:24.461,1.5013,1.50142,1.69,1.00
2014.05.30 13:07:25.432,1.50132,1.50142,1.25,1.00
2014.05.30 13:07:25.535,1.50133,1.50147,1.50,1.25
2014.05.30 13:07:25.650,1.50136,1.50147,1.13,1.25
2014.05.30 13:07:25.956,1.5014,1.50152,1.38,1.00
2014.05.30 13:07:26.261,1.50143,1.50156,1.00,1.74
2014.05.30 13:07:26.312,1.50139,1.50152,1.13,1.00
2014.05.30 13:07:26.597,1.50138,1.50152,2.14,1.00
2014.05.30 13:07:26.648,1.50143,1.50155,1.00,1.47
2014.05.30 13:07:27.041,1.50148,1.50157,1.00,2.59
2014.05.30 13:07:27.293,1.50143,1.50157,1.00,2.44
2014.05.30 13:07:31.044,1.50138,1.50152,3.79,1.00
2014.05.30 13:07:31.348,1.50143,1.50156,1.00,1.19
2014.05.30 13:07:31.898,1.50143,1.50156,1.00,1.32
2014.05.30 13:07:32.212,1.50138,1.50152,1.67,1.00
2014.05.30 13:07:32.364,1.50138,1.50152,1.00,1.69
2014.05.30 13:07:32.617,1.50138,1.5015,1.00,1.19
2014.05.30 13:07:33.446,1.50133,1.50147,1.69,1.00
2014.05.30 13:07:33.879,1.50131,1.50142,1.94,1.00
2014.05.30 13:07:33.981,1.50133,1.50147,1.13,1.25
2014.05.30 13:07:34.083,1.50131,1.50142,1.94,1.00
2014.05.30 13:07:34.393,1.50133,1.50147,1.38,1.25
2014.05.30 13:07:34.494,1.5013,1.50142,1.77,1.00
2014.05.30 13:07:34.691,1.50133,1.50147,1.38,1.25
2014.05.30 13:07:37.579,1.50138,1.50149,1.00,1.50
2014.05.30 13:07:37.883,1.50138,1.50152,1.13,1.32
2014.05.30 13:07:37.985,1.50138,1.50151,1.13,1.19
2014.05.30 13:07:39.154,1.50138,1.50151,1.00,2.59
2014.05.30 13:07:39.922,1.50138,1.50147,1.00,1.02
2014.05.30 13:07:40.024,1.50133,1.50146,1.00,1.02
2014.05.30 13:07:40.176,1.50133,1.50145,1.00,2.14
2014.05.30 13:07:40.277,1.50133,1.50145,1.00,1.34
2014.05.30 13:07:40.937,1.50133,1.50147,1.00,2.59
2014.05.30 13:07:41.451,1.50133,1.50147,1.00,1.84
2014.05.30 13:07:45.058,1.50133,1.50147,1.00,1.84
2014.05.30 13:07:45.382,1.50129,1.50142,1.32,1.00
2014.05.30 13:07:47.048,1.50128,1.50142,2.25,1.00
2014.05.30 13:07:47.398,1.50133,1.50147,1.00,2.22
2014.05.30 13:07:49.661,1.50133,1.50147,1.00,2.22
2014.05.30 13:07:49.979,1.50128,1.50142,2.07,1.00
2014.05.30 13:07:50.029,1.50128,1.50142,2.07,1.00
2014.05.30 13:07:51.131,1.50128,1.50142,2.07,1.00
2014.05.30 13:07:51.182,1.50133,1.50147,1.00,2.22
2014.05.30 13:07:54.071,1.50133,1.50147,1.00,1.69
2014.05.30 13:07:55.372,1.50138,1.50147,1.00,1.25
2014.05.30 13:07:57.677,1.50133,1.50147,1.00,1.13
2014.05.30 13:07:58.691,1.50128,1.50142,2.22,1.00
2014.05.30 13:07:59.001,1.50128,1.50142,1.00,1.84
2014.05.30 13:07:59.305,1.50126,1.50137,1.50,1.00
2014.05.30 13:07:59.457,1.50128,1.50142,1.00,1.34
2014.05.30 13:07:59.795,1.50128,1.50142,1.00,1.00
2014.05.30 13:08:00.310,1.50128,1.50142,1.19,1.00
2014.05.30 13:08:01.176,1.50128,1.50142,1.00,1.00
2014.05.30 13:08:01.227,1.50128,1.50137,1.00,1.75
2014.05.30 13:08:01.430,1.50123,1.50137,1.32,1.75
2014.05.30 13:08:01.531,1.50128,1.50138,1.00,1.20
2014.05.30 13:08:01.632,1.50128,1.50141,1.00,2.14
2014.05.30 13:08:02.236,1.50128,1.50141,1.00,1.84
2014.05.30 13:08:02.745,1.50128,1.50141,1.00,1.84
2014.05.30 13:08:03.575,1.50123,1.50137,2.82,1.00
2014.05.30 13:08:04.530,1.50126,1.50137,1.00,1.00
2014.05.30 13:08:04.615,1.50128,1.50142,1.00,1.19
2014.05.30 13:08:05.122,1.50128,1.50142,1.25,1.00
2014.05.30 13:08:05.528,1.50128,1.50141,1.00,1.54
2014.05.30 13:08:06.252,1.50128,1.50142,1.00,1.27
2014.05.30 13:08:08.450,1.50123,1.50137,1.67,1.00
2014.05.30 13:08:08.970,1.50123,1.50137,1.72,1.00
2014.05.30 13:08:09.075,1.50128,1.50142,2.14,1.00
2014.05.30 13:08:09.177,1.50131,1.50142,1.57,1.00
2014.05.30 13:08:09.329,1.50133,1.50147,1.57,1.00
2014.05.30 13:08:09.582,1.50133,1.50147,1.57,1.00
2014.05.30 13:08:10.086,1.50133,1.50147,1.63,1.00
2014.05.30 13:08:10.289,1.50133,1.50147,2.14,1.00
2014.05.30 13:08:10.592,1.50133,1.50142,1.67,1.00
2014.05.30 13:08:10.643,1.50133,1.50147,2.14,1.00
2014.05.30 13:08:11.189,1.50133,1.50147,1.67,1.00
2014.05.30 13:08:11.776,1.50133,1.50147,2.04,1.00
2014.05.30 13:08:12.181,1.50135,1.50142,1.32,1.00
2014.05.30 13:08:12.283,1.50137,1.50147,1.00,1.00
2014.05.30 13:08:12.487,1.50138,1.50152,1.00,1.19
2014.05.30 13:08:12.640,1.50138,1.50154,1.25,1.19
2014.05.30 13:08:13.144,1.50138,1.50156,1.69,2.59
2014.05.30 13:08:13.655,1.50137,1.50152,2.07,1.00
2014.05.30 13:08:15.220,1.50138,1.50152,1.69,1.00
2014.05.30 13:08:15.842,1.50138,1.50147,1.25,1.00
2014.05.30 13:08:15.994,1.50138,1.50152,1.13,1.92
2014.05.30 13:08:16.146,1.50138,1.50152,1.32,1.10
2014.05.30 13:08:17.627,1.50138,1.50152,1.63,1.10
2014.05.30 13:08:19.395,1.50137,1.50147,1.57,1.00
2014.05.30 13:08:19.601,1.50137,1.50152,1.57,1.10
2014.05.30 13:08:20.139,1.50137,1.50147,1.57,1.00
2014.05.30 13:08:20.594,1.50138,1.50154,1.32,1.24
2014.05.30 13:08:20.821,1.50138,1.50154,1.69,1.09
2014.05.30 13:08:21.423,1.50138,1.50154,2.44,1.20
2014.05.30 13:08:21.928,1.50138,1.50155,2.44,1.17
2014.05.30 13:08:22.161,1.50138,1.50152,1.69,1.00
2014.05.30 13:08:22.329,1.50138,1.50154,2.44,1.20
2014.05.30 13:08:23.152,1.50138,1.50155,2.44,1.17
2014.05.30 13:08:23.663,1.50138,1.50147,1.32,1.00
2014.05.30 13:08:24.875,1.50138,1.50152,1.32,1.00
2014.05.30 13:08:25.426,1.50137,1.50152,2.07,1.58
2014.05.30 13:08:25.527,1.50138,1.50155,1.19,1.68
2014.05.30 13:08:25.678,1.50138,1.50152,1.19,1.00
2014.05.30 13:08:26.208,1.50138,1.50152,1.19,1.00
2014.05.30 13:08:27.214,1.50138,1.50152,1.57,1.00
2014.05.30 13:08:29.427,1.50137,1.50147,2.44,1.00
2014.05.30 13:08:29.841,1.50136,1.50149,1.13,1.20
2014.05.30 13:08:29.943,1.50133,1.5015,2.89,1.30
2014.05.30 13:08:30.044,1.50136,1.50152,1.19,1.20
2014.05.30 13:08:30.550,1.50135,1.50152,1.19,1.13
2014.05.30 13:08:30.860,1.50135,1.50147,1.19,1.00
2014.05.30 13:08:31.410,1.50135,1.50147,1.19,1.00
2014.05.30 13:08:32.066,1.50135,1.50147,1.19,1.00
2014.05.30 13:08:32.471,1.50133,1.50147,1.57,1.85
2014.05.30 13:08:32.572,1.5013,1.50142,1.50,1.00
2014.05.30 13:08:32.674,1.50133,1.50145,1.00,1.48
2014.05.30 13:08:32.775,1.50129,1.50142,1.00,1.09
2014.05.30 13:08:33.131,1.50127,1.50142,1.32,1.25
2014.05.30 13:08:33.564,1.50124,1.50142,3.79,1.32
2014.05.30 13:08:34.102,1.50124,1.50142,2.97,1.47
2014.05.30 13:08:34.772,1.50128,1.50144,1.25,1.09
2014.05.30 13:08:34.823,1.50128,1.50144,1.63,1.09
2014.05.30 13:08:35.377,1.50126,1.50142,2.00,1.19
2014.05.30 13:08:35.841,1.50128,1.50145,1.63,1.34
2014.05.30 13:08:37.091,1.50128,1.50145,1.25,1.34
2014.05.30 13:08:37.192,1.50126,1.50137,1.57,1.00
2014.05.30 13:08:37.293,1.50128,1.50144,1.25,1.09
2014.05.30 13:08:37.395,1.50133,1.50144,1.00,1.09
2014.05.30 13:08:37.598,1.50126,1.50142,1.57,1.00
2014.05.30 13:08:38.072,1.50124,1.5014,2.97,1.13
2014.05.30 13:08:38.621,1.50128,1.5014,1.00,1.13
2014.05.30 13:08:41.711,1.50133,1.50139,1.00,1.38
2014.05.30 13:08:44.060,1.50128,1.50139,1.00,1.38
2014.05.30 13:08:52.675,1.50128,1.50134,1.00,1.00
2014.05.30 13:08:52.776,1.50123,1.50134,1.00,1.10
2014.05.30 13:08:52.827,1.50123,1.50134,1.00,1.48
2014.05.30 13:08:53.232,1.50118,1.50132,1.00,3.27
2014.05.30 13:08:53.334,1.50113,1.50127,2.07,1.50
2014.05.30 13:08:53.436,1.50118,1.50127,1.00,2.22
2014.05.30 13:08:53.639,1.50113,1.50126,1.00,1.77
2014.05.30 13:08:53.791,1.50109,1.50122,1.25,1.00
2014.05.30 13:08:54.342,1.50108,1.50121,1.19,1.00
2014.05.30 13:08:54.880,1.50108,1.50121,1.00,2.55
2014.05.30 13:08:54.931,1.50108,1.50121,1.00,2.97
2014.05.30 13:08:55.235,1.50108,1.50114,1.00,1.00
2014.05.30 13:08:55.669,1.50108,1.50119,1.25,1.13
2014.05.30 13:08:55.770,1.50104,1.50117,1.69,1.00
2014.05.30 13:08:56.654,1.50104,1.50115,1.19,1.00
2014.05.30 13:08:56.755,1.50103,1.50115,1.25,1.00
2014.05.30 13:08:56.806,1.50103,1.50115,1.25,1.08
2014.05.30 13:08:56.960,1.50103,1.50115,1.00,1.25
2014.05.30 13:08:57.673,1.50108,1.50115,1.00,1.00
2014.05.30 13:08:58.202,1.50108,1.50119,1.00,1.65
2014.05.30 13:08:58.710,1.50108,1.50119,1.00,1.50
2014.05.30 13:08:58.840,1.50104,1.50117,1.19,1.00
2014.05.30 13:08:58.891,1.50104,1.50117,1.25,1.00
2014.05.30 13:08:59.194,1.50108,1.50119,1.00,3.90
2014.05.30 13:08:59.396,1.50103,1.50117,1.19,1.10
2014.05.30 13:08:59.750,1.50108,1.50121,1.00,2.22
2014.05.30 13:08:59.852,1.50108,1.5012,1.00,2.82
2014.05.30 13:09:00.055,1.50103,1.50117,1.19,1.00
2014.05.30 13:09:00.591,1.50103,1.50116,1.19,1.00
2014.05.30 13:09:00.826,1.50108,1.50116,1.00,1.00
2014.05.30 13:09:01.048,1.50103,1.50116,1.19,1.00
2014.05.30 13:09:01.934,1.50103,1.50116,1.19,1.00
2014.05.30 13:09:02.049,1.50108,1.50116,1.00,1.00
2014.05.30 13:09:02.710,1.50103,1.50116,1.19,1.00
2014.05.30 13:09:02.811,1.50108,1.50116,1.00,1.00
2014.05.30 13:09:03.119,1.50113,1.50118,1.00,1.38
2014.05.30 13:09:03.170,1.50113,1.50119,1.00,1.00
2014.05.30 13:09:03.586,1.50108,1.50119,1.00,1.00
2014.05.30 13:09:05.147,1.50108,1.5012,1.00,1.00
2014.05.30 13:09:05.198,1.50113,1.5012,1.00,1.00
2014.05.30 13:09:05.907,1.50108,1.5012,1.00,1.10
2014.05.30 13:09:06.008,1.50108,1.50115,1.00,1.13
2014.05.30 13:09:06.312,1.50112,1.50119,1.00,1.25
2014.05.30 13:09:06.776,1.50113,1.50121,1.00,1.39
2014.05.30 13:09:07.490,1.50113,1.50121,1.00,1.39
2014.05.30 13:09:07.541,1.50108,1.50121,1.00,1.39
2014.05.30 13:09:07.748,1.50113,1.50121,1.00,1.39
2014.05.30 13:09:07.951,1.50108,1.50121,1.00,1.39
2014.05.30 13:09:08.515,1.50108,1.50122,1.00,1.84
2014.05.30 13:09:09.184,1.50113,1.50124,1.00,4.02
2014.05.30 13:09:09.487,1.50108,1.5012,1.00,2.44
2014.05.30 13:09:10.189,1.50103,1.50117,2.22,1.50
2014.05.30 13:09:10.593,1.50108,1.50119,1.00,3.27
2014.05.30 13:09:10.745,1.50103,1.50117,2.78,1.69
2014.05.30 13:09:10.846,1.50105,1.50117,2.07,1.50
2014.05.30 13:09:11.360,1.50105,1.50117,1.69,1.50
2014.05.30 13:09:11.715,1.50108,1.50121,1.00,1.94
2014.05.30 13:09:12.070,1.50108,1.50119,1.00,1.00
2014.05.30 13:09:14.177,1.50108,1.50115,1.00,1.00
2014.05.30 13:09:14.379,1.50103,1.50115,1.32,1.00
2014.05.30 13:09:15.328,1.50103,1.50115,1.32,1.00
2014.05.30 13:09:16.105,1.50108,1.50115,1.00,1.00
2014.05.30 13:09:17.097,1.50108,1.50117,1.00,1.25
2014.05.30 13:09:17.273,1.50103,1.50117,1.00,1.69
2014.05.30 13:09:18.702,1.50103,1.50117,1.00,2.14
2014.05.30 13:09:18.752,1.50103,1.50115,1.00,1.13
2014.05.30 13:09:20.040,1.501,1.50112,1.32,1.00
2014.05.30 13:09:20.626,1.50103,1.50115,1.00,1.13
2014.05.30 13:09:21.006,1.50108,1.50115,1.00,1.13
2014.05.30 13:09:21.319,1.50103,1.50115,1.00,1.13
2014.05.30 13:09:22.176,1.50103,1.50117,1.00,3.19
2014.05.30 13:09:22.227,1.50108,1.50117,1.00,2.44
2014.05.30 13:09:22.380,1.50108,1.5012,1.00,2.07
2014.05.30 13:09:22.482,1.50108,1.5012,1.00,1.32
2014.05.30 13:09:22.940,1.50108,1.50122,1.92,1.00
2014.05.30 13:09:23.546,1.50108,1.5012,1.92,1.00
2014.05.30 13:09:23.799,1.50108,1.50122,1.84,1.10
2014.05.30 13:09:24.126,1.50108,1.50122,1.00,2.52
2014.05.30 13:09:24.745,1.50108,1.5012,1.00,1.55
2014.05.30 13:09:25.536,1.50108,1.50118,1.00,1.72
2014.05.30 13:09:25.878,1.50108,1.50114,1.00,1.00
2014.05.30 13:09:26.390,1.50108,1.50113,1.00,1.00
2014.05.30 13:09:30.500,1.50108,1.50117,1.00,1.10
2014.05.30 13:09:31.015,1.50108,1.5012,1.13,1.32
2014.05.30 13:09:31.636,1.50108,1.50122,1.13,2.89
2014.05.30 13:09:32.156,1.50108,1.50121,1.13,1.32
2014.05.30 13:09:33.213,1.50108,1.50118,1.00,1.69
2014.05.30 13:09:33.315,1.50103,1.50117,1.13,1.32
2014.05.30 13:09:33.517,1.50103,1.50117,1.38,2.22
2014.05.30 13:09:33.821,1.50108,1.50122,2.97,1.20
2014.05.30 13:09:33.872,1.50108,1.50122,3.12,1.50
2014.05.30 13:09:34.528,1.50113,1.50127,1.00,1.00
2014.05.30 13:09:34.731,1.50113,1.50125,1.38,1.13
2014.05.30 13:09:35.236,1.50113,1.50125,1.00,2.82
2014.05.30 13:09:35.609,1.50118,1.50125,1.00,2.07
2014.05.30 13:09:36.102,1.50113,1.50125,1.00,2.07
2014.05.30 13:09:36.611,1.50113,1.50125,1.00,1.32
2014.05.30 13:09:36.864,1.50113,1.50127,1.25,1.00
2014.05.30 13:09:36.965,1.50118,1.50128,1.00,1.25
2014.05.30 13:09:37.339,1.50118,1.50129,1.00,1.29
2014.05.30 13:09:37.390,1.50113,1.50127,1.38,1.19
2014.05.30 13:09:37.592,1.50118,1.50129,1.00,1.29
2014.05.30 13:09:37.858,1.50118,1.50131,1.00,2.59
2014.05.30 13:09:38.594,1.50113,1.50127,1.57,1.00
2014.05.30 13:09:39.348,1.50118,1.50131,1.00,2.59
2014.05.30 13:09:40.114,1.50118,1.5013,1.00,1.37
2014.05.30 13:09:40.977,1.50118,1.50131,1.00,1.69
2014.05.30 13:09:41.914,1.50118,1.50131,1.00,2.44
2014.05.30 13:09:43.504,1.50118,1.50128,1.00,1.32
2014.05.30 13:09:44.555,1.50118,1.50128,1.00,2.82
2014.05.30 13:09:44.606,1.50118,1.50128,1.13,1.50
2014.05.30 13:09:44.657,1.50123,1.50128,1.00,1.50
2014.05.30 13:09:44.961,1.50125,1.50134,1.00,1.32
2014.05.30 13:09:45.012,1.50128,1.50134,1.00,1.29
2014.05.30 13:09:45.216,1.50128,1.50135,1.00,1.25
2014.05.30 13:09:46.140,1.50128,1.50138,1.00,2.22
2014.05.30 13:09:46.433,1.50128,1.50138,1.00,2.22
2014.05.30 13:09:46.499,1.50123,1.50137,1.00,1.39
2014.05.30 13:09:46.651,1.50128,1.50138,1.00,2.22
2014.05.30 13:09:47.299,1.50123,1.50137,1.00,1.67
2014.05.30 13:09:47.453,1.50123,1.50131,1.00,1.00
2014.05.30 13:09:47.606,1.50118,1.50132,1.00,1.84
2014.05.30 13:09:48.163,1.50123,1.50131,1.00,1.32
2014.05.30 13:09:48.366,1.50118,1.50131,1.00,1.32
2014.05.30 13:09:48.589,1.50118,1.50131,1.00,2.07
2014.05.30 13:09:49.146,1.50113,1.5013,1.63,1.67
2014.05.30 13:09:49.651,1.50113,1.50127,1.38,1.25
2014.05.30 13:09:50.162,1.50113,1.50127,1.38,1.25
2014.05.30 13:09:50.517,1.50113,1.50127,1.38,2.07
2014.05.30 13:09:51.280,1.50113,1.50127,1.00,1.32
2014.05.30 13:09:51.786,1.50113,1.50124,1.00,1.25
2014.05.30 13:09:52.107,1.50115,1.50124,1.38,1.10
2014.05.30 13:09:52.209,1.50118,1.50129,1.00,1.65
2014.05.30 13:09:52.462,1.50123,1.50129,1.00,1.18
2014.05.30 13:09:52.563,1.50118,1.50131,1.00,1.30
2014.05.30 13:09:52.867,1.50123,1.50132,1.00,1.77
2014.05.30 13:09:52.968,1.50123,1.50132,1.00,1.74
2014.05.30 13:09:53.272,1.50123,1.50129,1.00,1.00
2014.05.30 13:09:53.424,1.50118,1.50129,1.00,1.25
2014.05.30 13:09:54.384,1.50123,1.50132,1.00,2.22
2014.05.30 13:09:54.485,1.50123,1.50132,1.00,1.74
2014.05.30 13:09:57.847,1.50123,1.50132,1.00,1.74
2014.05.30 13:10:00.417,1.50123,1.50129,1.00,1.02
2014.05.30 13:10:02.090,1.50113,1.50127,2.59,1.18
2014.05.30 13:10:02.141,1.50113,1.50127,1.00,1.65
2014.05.30 13:10:02.293,1.50118,1.50127,1.00,2.37
2014.05.30 13:10:02.445,1.50113,1.50126,1.00,1.29
2014.05.30 13:10:02.547,1.50113,1.50127,1.00,1.84
2014.05.30 13:10:03.095,1.50113,1.50127,1.00,1.25
2014.05.30 13:10:07.371,1.50123,1.50131,1.00,2.18
2014.05.30 13:10:07.423,1.50123,1.50135,1.00,2.07
2014.05.30 13:10:07.474,1.50123,1.50135,1.00,1.32
2014.05.30 13:10:08.586,1.50128,1.50137,1.00,1.19
2014.05.30 13:10:08.687,1.50128,1.5014,1.00,3.72
2014.05.30 13:10:09.799,1.50128,1.5014,1.00,2.07
2014.05.30 13:10:11.081,1.50128,1.5014,1.00,2.44
2014.05.30 13:10:12.603,1.50125,1.50137,1.20,1.00
2014.05.30 13:10:13.807,1.50126,1.50137,1.20,1.00
2014.05.30 13:10:15.299,1.50128,1.50137,1.20,1.00
2014.05.30 13:10:15.800,1.50128,1.5014,1.65,1.69
2014.05.30 13:10:16.328,1.50128,1.5014,2.40,1.19
2014.05.30 13:10:16.632,1.50134,1.50144,1.20,1.19
2014.05.30 13:10:17.389,1.50134,1.50146,1.20,1.69
2014.05.30 13:10:17.948,1.50133,1.50147,1.00,1.19
2014.05.30 13:10:18.650,1.50138,1.50148,1.00,2.89
2014.05.30 13:10:18.854,1.50138,1.50148,1.00,2.14
2014.05.30 13:10:21.623,1.50133,1.50147,1.00,1.25
2014.05.30 13:10:21.842,1.50138,1.50148,1.00,1.69
2014.05.30 13:10:22.381,1.50138,1.50148,1.00,1.69
2014.05.30 13:10:23.008,1.50138,1.50148,1.00,1.69
2014.05.30 13:10:23.532,1.50133,1.50147,1.00,1.25
2014.05.30 13:10:24.169,1.50133,1.50147,1.00,1.19
2014.05.30 13:10:24.566,1.50133,1.50146,1.00,1.19
2014.05.30 13:10:24.668,1.50134,1.50147,1.00,1.25
2014.05.30 13:10:24.771,1.50138,1.50152,1.00,2.89
2014.05.30 13:10:25.075,1.50148,1.50155,1.00,1.38
2014.05.30 13:10:25.585,1.50148,1.50158,1.00,1.32
2014.05.30 13:10:25.687,1.50148,1.50162,1.00,2.07
2014.05.30 13:10:25.788,1.50153,1.50163,1.00,1.57
2014.05.30 13:10:26.091,1.50148,1.50161,1.13,1.32
2014.05.30 13:10:26.204,1.50148,1.50162,1.13,1.19
2014.05.30 13:10:26.255,1.50148,1.50162,1.13,1.57
2014.05.30 13:10:26.626,1.50143,1.50162,2.82,3.19
2014.05.30 13:10:26.678,1.50143,1.50162,2.07,3.64
2014.05.30 13:10:26.982,1.50148,1.50158,1.00,1.67
2014.05.30 13:10:27.084,1.50143,1.50157,1.13,1.57
2014.05.30 13:10:27.389,1.50148,1.50158,1.00,1.67
2014.05.30 13:10:27.643,1.50143,1.50151,1.00,1.38
2014.05.30 13:10:27.918,1.50138,1.50151,1.00,2.82
2014.05.30 13:10:28.070,1.50142,1.5015,1.00,1.69
2014.05.30 13:10:28.425,1.50138,1.50149,1.00,1.29
2014.05.30 13:10:28.740,1.50142,1.50149,1.00,1.67
2014.05.30 13:10:28.944,1.50138,1.50149,1.00,1.67
2014.05.30 13:10:28.995,1.50138,1.50149,1.00,1.67
2014.05.30 13:10:29.046,1.50133,1.50149,1.00,1.67
2014.05.30 13:10:29.405,1.50138,1.50149,1.00,2.14
2014.05.30 13:10:29.509,1.50134,1.50148,1.20,1.02
2014.05.30 13:10:29.661,1.50135,1.50146,1.20,1.02
2014.05.30 13:10:29.713,1.50133,1.50146,1.00,1.02
2014.05.30 13:10:30.269,1.50138,1.50146,1.00,1.02
2014.05.30 13:10:30.371,1.50133,1.50146,1.00,1.02
2014.05.30 13:10:31.148,1.50138,1.50146,1.00,1.39
2014.05.30 13:10:31.666,1.50133,1.50145,1.25,1.00
2014.05.30 13:10:31.819,1.50138,1.50145,1.00,1.00
2014.05.30 13:10:32.224,1.50133,1.50145,1.25,1.13
2014.05.30 13:10:32.427,1.50133,1.50143,1.00,1.00
2014.05.30 13:10:32.681,1.50128,1.50142,1.63,1.13
2014.05.30 13:10:32.782,1.50133,1.5014,1.00,1.00
2014.05.30 13:10:32.884,1.50128,1.50138,1.00,1.13
2014.05.30 13:10:33.036,1.50128,1.50135,1.00,1.00
2014.05.30 13:10:33.137,1.50123,1.50137,1.50,1.00
2014.05.30 13:10:33.491,1.50123,1.50136,1.00,1.69
2014.05.30 13:10:33.862,1.50128,1.50136,1.00,1.69
2014.05.30 13:10:34.189,1.50123,1.50136,1.13,1.69
2014.05.30 13:10:34.543,1.50128,1.50136,1.00,2.07
2014.05.30 13:10:34.645,1.50123,1.50136,1.00,2.07
2014.05.30 13:10:35.201,1.50123,1.50137,1.00,2.97
2014.05.30 13:10:35.435,1.50118,1.50132,2.07,1.00
2014.05.30 13:10:35.486,1.50118,1.50132,1.69,1.00
2014.05.30 13:10:35.789,1.50118,1.50132,1.00,2.07
2014.05.30 13:10:36.093,1.50118,1.50125,1.00,1.25
2014.05.30 13:10:36.346,1.50118,1.50129,1.00,2.14
2014.05.30 13:10:36.497,1.50118,1.50129,1.00,1.13
2014.05.30 13:10:37.004,1.50118,1.50126,1.00,1.75
2014.05.30 13:10:37.307,1.50107,1.50118,1.38,1.13
2014.05.30 13:10:37.510,1.50108,1.50118,1.13,1.32
2014.05.30 13:10:38.045,1.50108,1.50115,1.13,2.44
2014.05.30 13:10:38.504,1.50103,1.50114,1.00,1.63
2014.05.30 13:10:38.659,1.50103,1.50114,1.00,2.07
2014.05.30 13:10:38.870,1.50098,1.50112,1.00,2.07
2014.05.30 13:10:39.072,1.50103,1.50114,1.00,2.82
2014.05.30 13:10:39.417,1.50098,1.50114,1.00,2.44
2014.05.30 13:10:39.721,1.50107,1.50114,1.00,2.82
2014.05.30 13:10:39.822,1.50103,1.50114,1.00,3.19
2014.05.30 13:10:40.075,1.50103,1.50116,1.00,1.20
2014.05.30 13:10:40.177,1.50108,1.50116,1.00,1.39
2014.05.30 13:10:40.379,1.50103,1.50115,1.00,1.65
2014.05.30 13:10:40.635,1.50103,1.50115,1.00,1.00
2014.05.30 13:10:40.786,1.50108,1.50116,1.00,1.47
2014.05.30 13:10:40.891,1.50103,1.50116,1.00,1.47
2014.05.30 13:10:41.681,1.50107,1.50113,1.00,1.58
2014.05.30 13:10:41.832,1.50108,1.50116,1.00,1.24
2014.05.30 13:10:41.883,1.50112,1.50117,1.00,1.00
2014.05.30 13:10:42.036,1.50108,1.50117,1.00,1.00
2014.05.30 13:10:42.137,1.50108,1.5012,1.00,1.29
2014.05.30 13:10:42.239,1.50113,1.5012,1.00,1.29
2014.05.30 13:10:42.949,1.50113,1.5012,1.00,1.02
2014.05.30 13:10:43.989,1.50108,1.5012,1.00,1.02
2014.05.30 13:10:45.768,1.50103,1.50117,2.07,1.00
2014.05.30 13:10:45.970,1.50108,1.5012,1.00,1.39
2014.05.30 13:10:46.274,1.50103,1.50117,1.39,1.00
2014.05.30 13:10:46.730,1.50103,1.5012,2.89,1.25
2014.05.30 13:10:47.270,1.50108,1.50122,1.00,1.19
2014.05.30 13:10:47.371,1.50103,1.50117,3.04,1.00
2014.05.30 13:10:47.601,1.50108,1.50122,1.00,1.94
2014.05.30 13:10:47.842,1.50113,1.50123,1.00,1.58
2014.05.30 13:10:48.185,1.50113,1.50124,1.32,1.50
2014.05.30 13:10:48.340,1.50118,1.5013,1.00,1.50
2014.05.30 13:10:48.798,1.50118,1.50131,1.00,1.00
2014.05.30 13:10:49.412,1.50118,1.50132,1.13,1.00
2014.05.30 13:10:49.935,1.50118,1.50132,1.38,1.00
2014.05.30 13:10:50.451,1.50118,1.50132,1.00,1.29
2014.05.30 13:10:51.543,1.50118,1.50132,1.32,1.10
2014.05.30 13:10:51.766,1.50118,1.50132,2.07,1.00
2014.05.30 13:10:51.980,1.50123,1.50135,1.25,1.00
2014.05.30 13:10:52.183,1.50127,1.50135,1.00,1.00
2014.05.30 13:10:52.385,1.50128,1.50141,1.00,2.67
2014.05.30 13:10:53.087,1.50128,1.50142,1.00,1.84
2014.05.30 13:10:54.327,1.50128,1.50142,1.00,1.74
2014.05.30 13:10:55.309,1.50128,1.50142,1.13,1.29
2014.05.30 13:10:55.512,1.50133,1.50143,1.00,1.19
2014.05.30 13:10:55.737,1.50133,1.50146,1.00,1.28
2014.05.30 13:10:55.839,1.50129,1.50142,2.85,1.00
2014.05.30 13:10:56.164,1.50128,1.50145,2.07,1.39
2014.05.30 13:10:56.215,1.50128,1.50144,1.69,1.13
2014.05.30 13:10:56.569,1.50138,1.50147,1.00,1.32
2014.05.30 13:10:56.789,1.50133,1.50147,1.25,1.88
2014.05.30 13:10:56.891,1.50133,1.50147,1.25,1.00
2014.05.30 13:10:56.942,1.50138,1.50149,1.00,1.74
2014.05.30 13:10:57.145,1.50133,1.50147,2.07,1.00
2014.05.30 13:10:57.247,1.50138,1.50149,1.00,1.67
2014.05.30 13:10:57.601,1.50138,1.50152,1.00,2.22
2014.05.30 13:10:57.752,1.50138,1.50151,1.00,1.02
2014.05.30 13:10:57.804,1.50135,1.50147,1.20,1.00
2014.05.30 13:10:57.905,1.50138,1.5015,1.00,2.07
2014.05.30 13:10:58.259,1.50133,1.50147,1.63,1.10
2014.05.30 13:10:58.360,1.50138,1.5015,1.00,3.27
2014.05.30 13:10:58.461,1.50133,1.50147,1.63,1.10
2014.05.30 13:10:58.563,1.50138,1.5015,1.00,3.27
2014.05.30 13:10:59.337,1.50133,1.50147,1.63,1.10
2014.05.30 13:10:59.389,1.50133,1.50147,1.32,1.10
2014.05.30 13:10:59.642,1.50133,1.50147,1.63,1.10
2014.05.30 13:10:59.743,1.50133,1.50147,1.32,1.10
2014.05.30 13:10:59.996,1.50138,1.50149,1.00,1.09
2014.05.30 13:11:00.220,1.50133,1.50147,1.63,1.00
2014.05.30 13:11:00.524,1.50138,1.50149,1.00,1.00
2014.05.30 13:11:00.830,1.5013,1.50144,1.57,1.75
2014.05.30 13:11:00.982,1.50133,1.50144,1.00,1.84
2014.05.30 13:11:01.083,1.50138,1.50145,1.00,1.09
2014.05.30 13:11:01.387,1.50138,1.50149,1.00,2.14
2014.05.30 13:11:01.701,1.50138,1.50149,1.00,1.02
2014.05.30 13:11:01.853,1.50138,1.50149,1.00,1.39
2014.05.30 13:11:02.279,1.50138,1.50149,1.00,1.02
2014.05.30 13:11:02.535,1.50133,1.5015,1.38,1.94
2014.05.30 13:11:02.789,1.50133,1.50147,1.88,1.32
2014.05.30 13:11:03.563,1.50142,1.50147,1.00,1.32
2014.05.30 13:11:03.868,1.50152,1.50164,1.00,1.05
2014.05.30 13:11:04.071,1.5015,1.50162,1.38,1.00
2014.05.30 13:11:04.173,1.50158,1.50163,1.00,1.20
2014.05.30 13:11:04.274,1.50153,1.50164,1.32,2.18
2014.05.30 13:11:04.375,1.50153,1.50165,1.13,1.02
2014.05.30 13:11:04.823,1.50148,1.50162,1.63,1.38
2014.05.30 13:11:04.924,1.50148,1.50162,1.63,1.00
2014.05.30 13:11:05.059,1.50153,1.50164,1.00,1.77
2014.05.30 13:11:05.161,1.50148,1.50162,1.63,1.00
2014.05.30 13:11:05.681,1.50148,1.50162,2.29,1.00
2014.05.30 13:11:05.834,1.50148,1.50162,1.13,1.57
2014.05.30 13:11:06.561,1.50145,1.50157,2.67,1.00
2014.05.30 13:11:06.717,1.50148,1.50162,1.13,1.57
2014.05.30 13:11:07.234,1.50148,1.50162,1.13,1.19
2014.05.30 13:11:07.848,1.50148,1.50162,1.13,1.25
2014.05.30 13:11:08.879,1.50148,1.50162,1.13,1.19
2014.05.30 13:11:11.930,1.50153,1.50164,1.00,2.04
2014.05.30 13:11:12.661,1.50148,1.50162,1.48,1.69
2014.05.30 13:11:12.863,1.50148,1.50162,1.00,1.02
2014.05.30 13:11:13.143,1.50153,1.50164,1.00,2.22
2014.05.30 13:11:13.486,1.50153,1.50162,1.00,1.02
2014.05.30 13:11:13.689,1.50148,1.50162,1.00,1.77
2014.05.30 13:11:13.756,1.50153,1.50162,1.00,1.02
2014.05.30 13:11:15.096,1.50148,1.5016,1.00,1.00
2014.05.30 13:11:15.147,1.50148,1.50158,1.00,1.00
2014.05.30 13:11:15.300,1.50143,1.50157,1.00,1.00
2014.05.30 13:11:15.469,1.50143,1.50157,1.00,1.19
2014.05.30 13:11:15.772,1.50148,1.50158,1.00,2.59
2014.05.30 13:11:16.865,1.50143,1.50156,1.00,1.19
2014.05.30 13:11:17.068,1.50148,1.50156,1.00,1.19
2014.05.30 13:11:17.262,1.50143,1.50153,1.00,1.19
2014.05.30 13:11:17.425,1.50134,1.50152,1.02,2.67
2014.05.30 13:11:17.527,1.50138,1.50151,1.65,1.77
2014.05.30 13:11:17.629,1.50133,1.50147,2.07,1.58
2014.05.30 13:11:17.680,1.50133,1.50145,1.00,1.77
2014.05.30 13:11:17.985,1.50133,1.50142,1.00,1.57
2014.05.30 13:11:18.298,1.50127,1.50142,1.38,1.57
2014.05.30 13:11:18.399,1.50137,1.50145,1.00,2.22
2014.05.30 13:11:18.911,1.50138,1.50148,1.00,2.44
2014.05.30 13:11:19.692,1.50138,1.50148,1.00,1.37
2014.05.30 13:11:20.262,1.50141,1.50148,1.00,1.18
2014.05.30 13:11:20.368,1.50138,1.50148,1.00,1.19
2014.05.30 13:11:20.469,1.50142,1.50148,1.00,1.00
2014.05.30 13:11:20.521,1.50143,1.50148,1.00,1.25
2014.05.30 13:11:20.673,1.50138,1.50148,1.00,1.25
2014.05.30 13:11:20.826,1.50135,1.50148,1.00,1.19
2014.05.30 13:11:21.006,1.50138,1.50147,1.00,1.29
2014.05.30 13:11:21.921,1.50138,1.50149,1.00,1.47
2014.05.30 13:11:23.131,1.50138,1.5015,1.00,1.77
2014.05.30 13:11:24.094,1.50138,1.50146,1.00,1.00
2014.05.30 13:11:24.195,1.50133,1.50143,1.00,1.00
2014.05.30 13:11:24.347,1.50137,1.50143,1.00,1.10
2014.05.30 13:11:24.449,1.50133,1.50143,1.00,1.29
2014.05.30 13:11:24.578,1.50133,1.50143,1.00,1.57
2014.05.30 13:11:24.889,1.50128,1.50138,1.00,1.02
2014.05.30 13:11:25.395,1.50123,1.50137,1.32,1.00
2014.05.30 13:11:25.901,1.50123,1.50137,1.00,1.29
2014.05.30 13:11:26.381,1.50123,1.50137,1.00,1.77
2014.05.30 13:11:28.120,1.50123,1.50137,1.38,1.77
2014.05.30 13:11:28.221,1.50123,1.50137,1.38,1.29
2014.05.30 13:11:28.474,1.50128,1.50138,1.00,1.37
2014.05.30 13:11:28.575,1.50123,1.50137,1.38,1.29
2014.05.30 13:11:28.673,1.50128,1.50139,1.00,1.84
2014.05.30 13:11:28.928,1.50123,1.50137,1.38,1.29
2014.05.30 13:11:29.505,1.50123,1.50137,1.38,1.19
2014.05.30 13:11:29.811,1.50128,1.50139,1.00,1.32
2014.05.30 13:11:30.114,1.50133,1.50139,1.00,1.00
2014.05.30 13:11:30.216,1.50129,1.50139,1.00,1.19
2014.05.30 13:11:30.267,1.50129,1.50142,1.38,1.69
2014.05.30 13:11:30.368,1.50133,1.50147,1.00,1.88
2014.05.30 13:11:30.776,1.50133,1.50147,1.00,1.13
2014.05.30 13:11:31.341,1.50138,1.50148,1.00,1.24
2014.05.30 13:11:31.645,1.50133,1.50147,1.13,3.42
2014.05.30 13:11:31.797,1.50133,1.50147,1.38,1.77
2014.05.30 13:11:32.100,1.50133,1.50147,1.38,1.19
2014.05.30 13:11:32.341,1.50131,1.50142,1.25,1.00
2014.05.30 13:11:32.646,1.50133,1.50143,1.00,1.69
2014.05.30 13:11:32.697,1.50133,1.50143,1.38,1.50
2014.05.30 13:11:32.950,1.50138,1.50143,1.00,1.50
2014.05.30 13:11:33.204,1.50133,1.50143,1.38,1.00
2014.05.30 13:11:33.406,1.50138,1.50143,1.00,1.00
2014.05.30 13:11:33.558,1.50138,1.50146,1.00,1.25
2014.05.30 13:11:33.609,1.50133,1.50146,1.13,1.25
2014.05.30 13:11:33.862,1.50138,1.50146,1.00,1.25
2014.05.30 13:11:34.375,1.50133,1.50146,1.13,1.00
2014.05.30 13:11:34.887,1.50133,1.50145,1.13,1.19
2014.05.30 13:11:35.783,1.50133,1.50145,1.00,1.19
2014.05.30 13:11:35.935,1.50128,1.50145,1.63,1.19
2014.05.30 13:11:36.986,1.50128,1.50146,1.63,1.69
2014.05.30 13:11:37.290,1.50128,1.5014,1.00,1.88
2014.05.30 13:11:38.055,1.50128,1.50142,1.00,2.22
2014.05.30 13:11:38.769,1.50128,1.50142,1.00,2.97
2014.05.30 13:11:39.599,1.50128,1.50138,1.00,1.13
2014.05.30 13:11:40.104,1.50128,1.50138,1.00,1.02
2014.05.30 13:11:40.226,1.50123,1.50137,1.63,1.13
2014.05.30 13:11:40.332,1.50128,1.50138,1.00,1.02
2014.05.30 13:11:40.433,1.50123,1.50138,1.88,1.02
2014.05.30 13:11:40.960,1.50123,1.50137,1.88,2.22
2014.05.30 13:11:41.263,1.50123,1.50133,1.38,2.14
2014.05.30 13:11:41.415,1.50123,1.50132,1.13,1.13
2014.05.30 13:11:41.687,1.50123,1.50137,1.00,1.37
2014.05.30 13:11:42.755,1.50123,1.50134,1.00,1.75
2014.05.30 13:11:43.810,1.50123,1.50132,1.00,1.77
2014.05.30 13:11:43.912,1.50123,1.50134,1.00,1.84
2014.05.30 13:11:46.424,1.50123,1.50137,1.00,1.69
2014.05.30 13:11:47.344,1.50128,1.50137,1.00,1.19
2014.05.30 13:11:47.599,1.50128,1.5014,1.00,1.09
2014.05.30 13:11:47.701,1.50128,1.50141,1.00,2.82
2014.05.30 13:11:47.803,1.50123,1.50137,1.19,1.00
2014.05.30 13:11:48.006,1.50128,1.50142,1.00,2.97
2014.05.30 13:11:48.309,1.50123,1.50137,2.07,1.00
2014.05.30 13:11:48.517,1.50123,1.50137,2.07,1.00
2014.05.30 13:11:48.987,1.50128,1.50142,1.13,1.84
2014.05.30 13:11:49.524,1.50128,1.50142,1.13,1.19
2014.05.30 13:11:50.677,1.50128,1.50141,1.00,2.89
2014.05.30 13:11:51.081,1.50123,1.50137,2.22,1.00
2014.05.30 13:11:51.132,1.50123,1.50135,2.22,1.00
2014.05.30 13:11:51.284,1.50123,1.50135,1.00,1.00
2014.05.30 13:11:51.335,1.50128,1.50135,1.00,1.00
2014.05.30 13:11:51.659,1.50123,1.50135,1.00,1.00
2014.05.30 13:11:52.164,1.50123,1.50135,1.00,1.32
2014.05.30 13:11:52.915,1.50123,1.50135,1.00,2.52
2014.05.30 13:11:53.428,1.50118,1.50132,1.19,1.00
2014.05.30 13:11:53.479,1.50118,1.50127,1.00,1.13
2014.05.30 13:11:53.631,1.50113,1.50124,1.00,1.58
2014.05.30 13:11:53.833,1.50113,1.5012,1.00,1.00
2014.05.30 13:11:54.035,1.50108,1.5012,1.13,1.00
2014.05.30 13:11:54.086,1.50108,1.50122,1.13,1.00
2014.05.30 13:11:54.242,1.50113,1.50123,1.00,1.32
2014.05.30 13:11:54.545,1.50113,1.50122,1.00,1.13
2014.05.30 13:11:54.697,1.50108,1.50121,1.00,1.02
2014.05.30 13:11:55.397,1.50108,1.5012,1.00,1.32
2014.05.30 13:11:58.436,1.50108,1.5012,1.00,2.37
2014.05.30 13:11:59.420,1.50108,1.5012,1.00,2.37
2014.05.30 13:11:59.982,1.50103,1.50117,1.13,1.25
2014.05.30 13:12:03.413,1.50108,1.50119,1.00,1.37
2014.05.30 13:12:03.839,1.50103,1.50117,1.63,1.00
2014.05.30 13:12:04.275,1.50113,1.5012,1.00,1.09
2014.05.30 13:12:04.376,1.50108,1.50121,1.38,2.14
2014.05.30 13:12:04.580,1.50113,1.50121,1.00,1.32
2014.05.30 13:12:04.682,1.50113,1.50123,1.00,1.37
2014.05.30 13:12:04.835,1.50113,1.50123,1.00,1.10
2014.05.30 13:12:05.139,1.50113,1.50127,1.50,1.25
2014.05.30 13:12:05.560,1.50118,1.5013,1.00,1.47
2014.05.30 13:12:07.001,1.50113,1.50127,1.50,2.14
2014.05.30 13:12:07.204,1.50113,1.50126,1.13,1.88
2014.05.30 13:12:07.356,1.50113,1.50127,1.13,2.97
2014.05.30 13:12:07.559,1.50118,1.50127,1.00,1.32
2014.05.30 13:12:07.718,1.50118,1.5013,1.00,2.74
2014.05.30 13:12:08.259,1.50118,1.5013,1.00,1.74
2014.05.30 13:12:09.720,1.50113,1.50127,2.07,1.00
2014.05.30 13:12:09.827,1.50118,1.5013,1.00,1.09
2014.05.30 13:12:12.312,1.50118,1.50131,1.00,1.92
2014.05.30 13:12:12.615,1.50123,1.50134,1.00,1.32
2014.05.30 13:12:12.716,1.50118,1.50132,1.63,1.00
2014.05.30 13:12:12.938,1.50123,1.50137,1.00,3.12
2014.05.30 13:12:13.394,1.50119,1.50132,1.32,1.00
2014.05.30 13:12:13.604,1.50123,1.50137,1.00,4.17
2014.05.30 13:12:13.706,1.50119,1.50132,1.32,1.00
2014.05.30 13:12:14.245,1.50119,1.50132,1.32,1.00
2014.05.30 13:12:14.665,1.50123,1.50137,1.00,3.04
2014.05.30 13:12:15.120,1.50123,1.50137,1.00,1.02
2014.05.30 13:12:15.272,1.50123,1.50137,1.69,1.00
2014.05.30 13:12:15.575,1.50127,1.50137,1.19,1.00
2014.05.30 13:12:15.778,1.50128,1.50142,1.25,1.00
2014.05.30 13:12:16.755,1.50127,1.50137,1.25,1.00
2014.05.30 13:12:17.085,1.50128,1.50142,1.00,1.25
2014.05.30 13:12:17.421,1.50127,1.50137,1.19,1.00
2014.05.30 13:12:18.437,1.50125,1.50137,2.04,1.00
2014.05.30 13:12:19.815,1.50128,1.50142,1.00,1.25
2014.05.30 13:12:20.773,1.5013,1.50142,1.00,1.00
2014.05.30 13:12:21.077,1.5013,1.50142,1.84,1.00
2014.05.30 13:12:22.502,1.50133,1.50147,1.25,1.10
2014.05.30 13:12:23.586,1.50133,1.50147,1.25,1.48
2014.05.30 13:12:23.930,1.50132,1.50142,1.32,1.00
2014.05.30 13:12:24.374,1.50133,1.50147,1.25,1.48
2014.05.30 13:12:24.476,1.50133,1.50147,1.19,1.48
2014.05.30 13:12:24.787,1.50128,1.50142,1.00,2.52
2014.05.30 13:12:25.637,1.50128,1.50142,1.00,2.52
2014.05.30 13:12:25.914,1.50123,1.50137,2.82,1.00
2014.05.30 13:12:26.238,1.50123,1.50137,2.25,1.02
2014.05.30 13:12:26.339,1.5012,1.50132,1.19,1.00
2014.05.30 13:12:26.441,1.50123,1.50137,1.00,1.47
2014.05.30 13:12:27.444,1.50119,1.50132,1.32,1.00
2014.05.30 13:12:28.263,1.50119,1.50132,1.32,1.00
2014.05.30 13:12:29.096,1.50123,1.50137,1.00,2.22
2014.05.30 13:12:29.715,1.50123,1.50137,1.00,1.84
2014.05.30 13:12:30.054,1.50123,1.50134,1.00,1.20
2014.05.30 13:12:30.256,1.50118,1.50132,2.07,1.00
2014.05.30 13:12:32.270,1.50118,1.50132,2.07,1.00
2014.05.30 13:12:33.567,1.50123,1.50134,1.00,1.09
2014.05.30 13:12:33.647,1.50118,1.50132,2.07,1.00
2014.05.30 13:12:35.277,1.50118,1.50132,2.07,1.00
2014.05.30 13:12:36.313,1.50118,1.50132,1.00,1.25
2014.05.30 13:12:37.391,1.50118,1.50132,2.03,1.25
2014.05.30 13:12:39.917,1.50115,1.50127,1.57,1.00
2014.05.30 13:12:40.665,1.50117,1.50127,1.63,1.00
2014.05.30 13:12:41.614,1.50114,1.50127,2.29,1.00
2014.05.30 13:12:46.277,1.50114,1.50127,2.97,1.00
2014.05.30 13:12:46.868,1.50118,1.50132,1.25,1.18
2014.05.30 13:12:48.419,1.50119,1.50132,1.57,1.18
2014.05.30 13:12:48.736,1.50123,1.50137,1.00,1.84
2014.05.30 13:12:50.602,1.50128,1.50137,1.13,1.40
2014.05.30 13:12:50.704,1.50128,1.50137,1.13,1.00
2014.05.30 13:12:50.856,1.50128,1.5014,1.13,1.02
2014.05.30 13:12:50.907,1.50123,1.50137,1.57,1.00
2014.05.30 13:12:51.137,1.50128,1.5014,1.13,1.02
2014.05.30 13:12:52.128,1.50123,1.50137,1.57,1.00
2014.05.30 13:12:52.684,1.50128,1.5014,1.13,1.77
2014.05.30 13:12:52.785,1.50133,1.50143,1.00,2.52
2014.05.30 13:12:52.887,1.50128,1.50142,1.50,1.34
2014.05.30 13:12:53.406,1.50128,1.50142,1.50,1.34
2014.05.30 13:12:53.649,1.50126,1.50137,1.13,1.00
2014.05.30 13:12:55.973,1.50128,1.50142,1.38,1.02
2014.05.30 13:12:57.546,1.50128,1.50142,2.44,1.00
2014.05.30 13:12:57.650,1.5013,1.50142,1.63,1.00
2014.05.30 13:12:57.986,1.5013,1.50142,1.32,1.00
2014.05.30 13:12:58.037,1.50133,1.50145,1.00,1.40
2014.05.30 13:12:58.189,1.50128,1.50142,2.44,1.00
2014.05.30 13:13:00.375,1.50128,1.50142,1.32,1.00
2014.05.30 13:13:01.174,1.50128,1.50142,1.13,1.25
2014.05.30 13:13:01.276,1.50128,1.50142,1.13,1.33
2014.05.30 13:13:06.053,1.50124,1.50137,1.58,1.00
2014.05.30 13:13:06.205,1.50123,1.50137,1.69,1.10
2014.05.30 13:13:06.407,1.50128,1.50139,1.00,1.88
2014.05.30 13:13:06.458,1.50128,1.5014,1.50,1.09
2014.05.30 13:13:06.560,1.50128,1.50142,1.50,1.00
2014.05.30 13:13:06.611,1.50128,1.50137,1.25,1.00
2014.05.30 13:13:06.813,1.50128,1.50142,1.69,1.00
2014.05.30 13:13:06.965,1.50128,1.50137,1.25,1.00
2014.05.30 13:13:07.358,1.50128,1.50142,1.69,1.00
2014.05.30 13:13:11.976,1.50133,1.50143,1.00,1.39
2014.05.30 13:13:12.528,1.50128,1.50142,1.13,1.25
2014.05.30 13:13:13.572,1.50128,1.50142,1.13,1.84
2014.05.30 13:13:14.161,1.50126,1.50137,2.07,1.00
2014.05.30 13:13:18.007,1.50128,1.50141,1.13,1.68
2014.05.30 13:13:18.159,1.50126,1.50137,1.57,1.00
2014.05.30 13:13:19.878,1.50128,1.50142,1.13,1.09
2014.05.30 13:13:19.989,1.50128,1.50142,1.38,1.09
2014.05.30 13:13:20.293,1.5013,1.50142,1.57,1.00
2014.05.30 13:13:22.386,1.5013,1.50142,1.00,1.00
2014.05.30 13:13:22.489,1.50128,1.50142,1.10,1.25
2014.05.30 13:13:22.751,1.50125,1.50137,1.32,1.00
2014.05.30 13:13:22.854,1.50128,1.50142,1.13,1.25
2014.05.30 13:13:23.675,1.50124,1.50137,1.67,1.00
2014.05.30 13:13:24.346,1.50124,1.50137,1.38,1.00
2014.05.30 13:13:24.397,1.50128,1.50138,1.00,1.77
2014.05.30 13:13:24.873,1.50123,1.50137,1.32,1.28
2014.05.30 13:13:25.887,1.50123,1.50137,1.13,1.25
2014.05.30 13:13:25.989,1.50123,1.50137,2.07,1.00
2014.05.30 13:13:26.393,1.50128,1.5014,1.00,2.14
2014.05.30 13:13:27.132,1.50128,1.50138,1.00,1.08
2014.05.30 13:13:28.238,1.50128,1.5014,1.13,1.39
2014.05.30 13:13:31.380,1.50125,1.50137,1.57,1.00
2014.05.30 13:13:31.954,1.50128,1.50142,1.00,2.22
2014.05.30 13:13:35.801,1.50123,1.50137,2.07,1.00
2014.05.30 13:13:35.903,1.50128,1.50142,1.00,2.22
2014.05.30 13:13:38.196,1.50124,1.50137,1.57,1.00
2014.05.30 13:13:38.519,1.50128,1.50142,1.32,1.15
2014.05.30 13:13:38.621,1.50128,1.50142,1.32,1.00
2014.05.30 13:13:38.672,1.50133,1.50144,1.00,2.14
2014.05.30 13:13:40.299,1.50128,1.50142,1.57,1.00
2014.05.30 13:13:40.508,1.50133,1.50144,1.00,1.00
2014.05.30 13:13:40.819,1.50133,1.50142,1.19,1.00
2014.05.30 13:13:40.870,1.50133,1.50147,1.69,1.00
2014.05.30 13:13:41.275,1.50138,1.50151,1.00,1.84
2014.05.30 13:13:41.582,1.50133,1.50147,1.19,1.00
2014.05.30 13:13:42.038,1.50132,1.50142,2.44,1.00
2014.05.30 13:13:42.640,1.50132,1.50142,1.69,1.00
2014.05.30 13:13:43.148,1.50133,1.50147,1.25,1.00
2014.05.30 13:13:46.076,1.50133,1.50147,1.00,1.19
2014.05.30 13:13:46.126,1.5013,1.50142,1.67,1.00
2014.05.30 13:13:46.228,1.50128,1.50142,3.34,1.00
2014.05.30 13:13:46.682,1.50128,1.50142,1.69,1.00
2014.05.30 13:13:48.360,1.50128,1.50142,2.14,1.00
2014.05.30 13:13:48.864,1.50133,1.50146,1.00,1.69
2014.05.30 13:13:49.067,1.50128,1.50142,3.79,1.00
2014.05.30 13:13:49.597,1.50128,1.50142,3.79,1.00
2014.05.30 13:13:50.358,1.5013,1.50142,1.57,1.00
2014.05.30 13:13:50.409,1.50133,1.50146,1.19,1.00
2014.05.30 13:13:50.958,1.50134,1.50147,1.25,1.00
2014.05.30 13:13:51.483,1.50133,1.50147,1.19,1.00
2014.05.30 13:13:52.005,1.50133,1.50147,1.25,1.13
2014.05.30 13:13:52.056,1.50133,1.50146,1.25,1.75
2014.05.30 13:13:52.309,1.50128,1.50141,1.50,1.77
2014.05.30 13:13:52.361,1.50128,1.50137,1.50,1.00
2014.05.30 13:13:52.412,1.50124,1.50137,1.19,1.88
2014.05.30 13:13:52.463,1.50124,1.50133,1.19,1.00
2014.05.30 13:13:52.555,1.50123,1.50132,1.00,1.00
2014.05.30 13:13:52.816,1.50118,1.50132,1.73,1.19
2014.05.30 13:13:53.220,1.50118,1.50132,1.29,1.00
2014.05.30 13:13:54.064,1.50123,1.50135,1.00,1.25
2014.05.30 13:13:54.574,1.50123,1.50135,1.00,1.19
2014.05.30 13:13:54.800,1.50118,1.50132,2.14,1.00
2014.05.30 13:13:55.688,1.50118,1.50131,1.19,1.00
2014.05.30 13:13:55.789,1.50118,1.50129,1.00,1.00
2014.05.30 13:13:56.092,1.50113,1.50127,1.63,1.00
2014.05.30 13:13:56.253,1.50123,1.5013,1.00,1.29
2014.05.30 13:13:56.310,1.50123,1.5013,1.00,1.10
2014.05.30 13:13:56.665,1.50123,1.50132,1.00,1.25
2014.05.30 13:13:57.340,1.50123,1.50135,1.00,2.22
2014.05.30 13:13:59.298,1.50118,1.50132,1.25,1.00
2014.05.30 13:14:00.066,1.50116,1.50127,1.32,1.00
2014.05.30 13:14:00.167,1.50118,1.50132,1.25,1.08
2014.05.30 13:14:00.319,1.50118,1.50131,1.00,2.67
2014.05.30 13:14:00.420,1.50113,1.50127,1.25,2.03
2014.05.30 13:14:00.471,1.50113,1.50127,1.25,2.33
2014.05.30 13:14:00.830,1.50118,1.50126,1.00,1.20
2014.05.30 13:14:00.982,1.50118,1.5013,1.00,1.09
2014.05.30 13:14:01.134,1.50118,1.50132,1.19,1.20
2014.05.30 13:14:01.286,1.50118,1.50132,1.19,1.10
2014.05.30 13:14:01.498,1.50118,1.50132,1.32,1.10
2014.05.30 13:14:01.711,1.50118,1.50132,1.25,1.08
2014.05.30 13:14:06.144,1.50118,1.50132,1.38,1.84
2014.05.30 13:14:06.435,1.50118,1.50132,1.38,1.50
2014.05.30 13:14:06.486,1.50118,1.50132,1.50,1.00
2014.05.30 13:14:06.537,1.50123,1.50137,1.13,1.99
2014.05.30 13:14:06.588,1.50123,1.50137,1.38,1.99
2014.05.30 13:14:06.892,1.50128,1.50139,1.00,1.55
2014.05.30 13:14:07.198,1.50131,1.50139,1.00,1.48
2014.05.30 13:14:07.248,1.50129,1.50139,1.28,1.48
2014.05.30 13:14:07.299,1.50131,1.50139,1.00,1.48
2014.05.30 13:14:07.603,1.50133,1.50142,1.00,1.20
2014.05.30 13:14:07.907,1.50129,1.50141,1.19,2.70
2014.05.30 13:14:07.958,1.50128,1.50141,1.00,2.89
2014.05.30 13:14:08.067,1.50128,1.50138,1.00,1.13
2014.05.30 13:14:08.320,1.50123,1.50135,1.00,1.00
2014.05.30 13:14:08.371,1.50121,1.50132,1.00,1.00
2014.05.30 13:14:08.674,1.50123,1.50137,1.88,1.48
2014.05.30 13:14:08.898,1.50123,1.50137,1.38,1.10
2014.05.30 13:14:09.001,1.50121,1.50128,1.00,1.13
2014.05.30 13:14:09.223,1.50121,1.50127,1.00,1.93
2014.05.30 13:14:09.274,1.50115,1.50127,1.00,1.93
2014.05.30 13:14:09.426,1.50113,1.50127,1.00,3.15
2014.05.30 13:14:09.578,1.50111,1.50126,1.47,1.13
2014.05.30 13:14:09.882,1.50108,1.50125,1.63,1.09
2014.05.30 13:14:11.151,1.50108,1.50124,2.07,1.69
2014.05.30 13:14:11.252,1.50108,1.50124,2.07,1.09
2014.05.30 13:14:11.555,1.50113,1.50124,1.00,1.47
2014.05.30 13:14:11.914,1.50108,1.50124,2.44,1.47
2014.05.30 13:14:12.116,1.50108,1.50122,1.19,1.38
2014.05.30 13:14:12.420,1.50101,1.50112,1.65,1.00
2014.05.30 13:14:12.673,1.50103,1.50114,1.00,1.02
2014.05.30 13:14:13.396,1.50103,1.50114,1.00,1.13
2014.05.30 13:14:13.548,1.50103,1.50114,1.00,1.25
2014.05.30 13:14:13.649,1.50098,1.50112,1.69,1.00
2014.05.30 13:14:13.853,1.50103,1.50114,1.00,1.25
2014.05.30 13:14:14.156,1.50103,1.50117,1.69,1.65
2014.05.30 13:14:14.207,1.50108,1.50117,1.00,1.18
2014.05.30 13:14:14.308,1.50108,1.50121,1.00,1.13
2014.05.30 13:14:14.524,1.50108,1.50124,1.69,1.09
2014.05.30 13:14:14.981,1.50113,1.50124,1.00,1.09
2014.05.30 13:14:15.082,1.50106,1.50122,1.19,1.33
2014.05.30 13:14:15.184,1.50103,1.50122,2.82,1.84
2014.05.30 13:14:15.285,1.50103,1.50121,1.32,1.39
2014.05.30 13:14:15.592,1.50103,1.50116,1.32,1.18
2014.05.30 13:14:15.892,1.50099,1.50116,1.84,1.47
2014.05.30 13:14:16.198,1.50099,1.50112,1.84,1.00
2014.05.30 13:14:16.300,1.50103,1.50116,1.00,1.47
2014.05.30 13:14:16.726,1.50099,1.50116,1.84,1.47
2014.05.30 13:14:16.804,1.50103,1.50116,1.00,1.47
2014.05.30 13:14:17.388,1.50099,1.50116,1.19,1.47
2014.05.30 13:14:17.930,1.50099,1.50116,1.19,1.47
2014.05.30 13:14:18.923,1.50099,1.50116,1.19,1.55
2014.05.30 13:14:19.075,1.50108,1.50117,1.00,1.70
2014.05.30 13:14:19.278,1.50111,1.50122,1.25,1.13
2014.05.30 13:14:19.380,1.50113,1.50126,1.00,1.33
2014.05.30 13:14:19.885,1.50113,1.50126,1.00,1.34
2014.05.30 13:14:20.239,1.5011,1.50122,1.20,1.00
2014.05.30 13:14:20.406,1.50117,1.50122,1.00,1.00
2014.05.30 13:14:20.457,1.50113,1.50127,2.25,1.13
2014.05.30 13:14:20.558,1.50115,1.50127,1.00,1.10
2014.05.30 13:14:20.659,1.50115,1.50127,1.19,1.10
2014.05.30 13:14:21.114,1.50117,1.5013,1.09,1.00
2014.05.30 13:14:22.040,1.50113,1.5013,2.07,1.25
2014.05.30 13:14:22.091,1.50113,1.50127,1.69,1.00
2014.05.30 13:14:23.224,1.50113,1.5013,2.07,1.40
2014.05.30 13:14:23.604,1.50113,1.50127,1.32,1.00
2014.05.30 13:14:24.150,1.50114,1.50127,1.57,1.00
2014.05.30 13:14:25.808,1.50114,1.5013,1.57,1.15
2014.05.30 13:14:26.370,1.50114,1.50127,1.57,1.00
2014.05.30 13:14:26.834,1.50114,1.50122,1.57,1.00
2014.05.30 13:14:27.344,1.50114,1.50122,1.32,1.00
2014.05.30 13:14:27.597,1.50114,1.50127,1.32,1.00
2014.05.30 13:14:31.535,1.50114,1.50122,1.32,1.00
2014.05.30 13:14:31.853,1.50114,1.50127,1.32,1.00
2014.05.30 13:14:32.524,1.50114,1.50127,1.32,1.00
2014.05.30 13:14:34.073,1.50118,1.50131,1.00,1.09
2014.05.30 13:14:34.400,1.50117,1.50124,1.00,1.38
2014.05.30 13:14:34.502,1.50108,1.50122,1.15,2.07
2014.05.30 13:14:34.654,1.50113,1.50121,1.00,1.19
2014.05.30 13:14:34.856,1.50108,1.5012,1.08,1.63
2014.05.30 13:14:35.396,1.50108,1.5012,1.00,2.07
2014.05.30 13:14:36.114,1.50113,1.5012,1.00,2.07
2014.05.30 13:14:37.345,1.50113,1.5012,1.00,2.07
2014.05.30 13:14:39.417,1.50108,1.50119,1.00,1.25
2014.05.30 13:14:39.525,1.50113,1.50119,1.00,1.25
2014.05.30 13:14:39.677,1.50108,1.5012,1.00,1.69
2014.05.30 13:14:39.779,1.50113,1.5012,1.00,1.69
2014.05.30 13:14:40.913,1.50113,1.5012,1.00,1.69
2014.05.30 13:14:51.845,1.50113,1.5012,1.00,1.32
2014.05.30 13:14:52.874,1.50108,1.5012,1.00,2.22
2014.05.30 13:14:54.183,1.50108,1.50118,1.00,1.20
2014.05.30 13:14:55.944,1.50108,1.50116,1.00,1.20
2014.05.30 13:14:56.213,1.50103,1.50116,1.63,1.20
2014.05.30 13:14:56.550,1.50108,1.50118,1.00,1.49
2014.05.30 13:14:56.904,1.50103,1.50117,1.38,1.19
2014.05.30 13:14:57.006,1.50108,1.50118,1.00,1.49
2014.05.30 13:14:57.224,1.50103,1.50116,1.00,2.14
2014.05.30 13:14:57.528,1.50103,1.50111,1.00,1.39
2014.05.30 13:14:57.835,1.50106,1.50113,1.00,1.73
2014.05.30 13:14:57.886,1.50103,1.50113,1.00,1.92
2014.05.30 13:14:58.089,1.50095,1.50111,1.63,1.39
2014.05.30 13:14:58.308,1.50103,1.50111,1.00,1.39
2014.05.30 13:14:58.510,1.50103,1.50109,1.00,1.57
2014.05.30 13:14:58.662,1.50098,1.50107,1.00,1.19
2014.05.30 13:14:58.814,1.50098,1.50102,1.00,1.20
2014.05.30 13:14:59.076,1.50098,1.50105,1.00,1.20
2014.05.30 13:14:59.180,1.50098,1.5011,1.00,2.18
2014.05.30 13:14:59.231,1.50103,1.50109,1.00,1.77
2014.05.30 13:14:59.334,1.50098,1.50105,1.50,2.40
2014.05.30 13:14:59.385,1.50098,1.50102,1.50,1.20
2014.05.30 13:14:59.538,1.50093,1.50102,1.50,1.20
2014.05.30 13:14:59.795,1.50093,1.50099,1.50,1.39
2014.05.30 13:15:00.113,1.5009,1.50097,1.08,1.19
2014.05.30 13:15:00.266,1.50088,1.50096,1.13,1.25
2014.05.30 13:15:00.367,1.50088,1.50092,1.05,1.20
2014.05.30 13:15:00.634,1.50088,1.50092,1.00,1.20
2014.05.30 13:15:00.749,1.50083,1.50092,1.00,1.20
2014.05.30 13:15:01.131,1.50083,1.50089,1.00,1.20
2014.05.30 13:15:01.665,1.50083,1.5009,1.13,1.20
2014.05.30 13:15:01.818,1.50088,1.50097,1.00,1.27
2014.05.30 13:15:01.921,1.50088,1.50099,1.00,1.87
2014.05.30 13:15:02.023,1.50088,1.50096,1.00,1.20
2014.05.30 13:15:02.508,1.50088,1.50095,1.00,1.99
2014.05.30 13:15:02.812,1.50077,1.5009,1.32,1.20
2014.05.30 13:15:03.317,1.50087,1.50095,1.00,2.22
2014.05.30 13:15:03.368,1.50083,1.50091,1.00,1.00
2014.05.30 13:15:03.470,1.50083,1.50094,1.38,1.45
2014.05.30 13:15:03.571,1.50088,1.50094,1.00,1.00
2014.05.30 13:15:03.774,1.50088,1.50097,1.00,1.00
2014.05.30 13:15:03.928,1.50088,1.50099,1.00,1.20
2014.05.30 13:15:04.030,1.50093,1.50099,1.00,1.20
2014.05.30 13:15:04.552,1.50093,1.50101,1.00,1.84
2014.05.30 13:15:04.603,1.50096,1.50104,1.00,2.40
2014.05.30 13:15:04.906,1.50088,1.50101,1.38,1.84
2014.05.30 13:15:05.008,1.50096,1.50104,1.00,1.65
2014.05.30 13:15:05.334,1.50088,1.50101,1.38,1.25
2014.05.30 13:15:05.884,1.50085,1.50101,1.19,1.70
2014.05.30 13:15:06.825,1.50093,1.50101,1.00,1.80
2014.05.30 13:15:07.366,1.50093,1.50104,1.00,1.37
2014.05.30 13:15:07.418,1.50097,1.50104,1.00,1.37
2014.05.30 13:15:08.747,1.50093,1.50102,1.00,1.20
2014.05.30 13:15:09.171,1.50098,1.50102,1.00,1.20
2014.05.30 13:15:09.869,1.50088,1.50102,1.57,1.58
2014.05.30 13:15:10.172,1.50092,1.50099,1.00,2.18
2014.05.30 13:15:10.834,1.50092,1.50099,1.00,1.48
2014.05.30 13:15:11.362,1.50092,1.50097,1.00,1.20
2014.05.30 13:15:11.567,1.50088,1.50098,1.13,1.25
2014.05.30 13:15:11.820,1.50093,1.50098,1.00,1.00
2014.05.30 13:15:12.174,1.50093,1.501,1.00,1.10
2014.05.30 13:15:12.478,1.50093,1.501,1.00,1.58
2014.05.30 13:15:12.680,1.50081,1.50094,1.19,1.73
2014.05.30 13:15:12.782,1.50081,1.50088,1.00,1.30
2014.05.30 13:15:12.833,1.50078,1.50088,1.00,1.30
2014.05.30 13:15:12.883,1.50078,1.50088,1.00,1.58
2014.05.30 13:15:13.619,1.50068,1.50084,1.00,2.52
2014.05.30 13:15:13.720,1.50068,1.50076,1.00,1.00
2014.05.30 13:15:14.024,1.50068,1.50072,1.00,1.20
2014.05.30 13:15:14.257,1.50058,1.50067,1.00,1.75
2014.05.30 13:15:14.713,1.50048,1.50064,1.39,1.50
2014.05.30 13:15:14.764,1.50048,1.50058,1.13,1.00
2014.05.30 13:15:14.916,1.50053,1.50064,1.00,1.13
2014.05.30 13:15:15.176,1.50053,1.50064,1.00,2.59
2014.05.30 13:15:15.480,1.50048,1.5006,1.00,1.47
2014.05.30 13:15:15.581,1.50048,1.50058,1.00,1.29
2014.05.30 13:15:15.885,1.50038,1.50051,1.32,1.38
2014.05.30 13:15:15.937,1.50043,1.50051,1.00,1.38
2014.05.30 13:15:16.139,1.50043,1.50049,1.00,1.47
2014.05.30 13:15:16.241,1.50038,1.50049,1.00,2.67
2014.05.30 13:15:16.648,1.50038,1.50042,1.00,1.20
2014.05.30 13:15:16.699,1.50033,1.50042,1.00,1.20
2014.05.30 13:15:16.870,1.50033,1.50044,1.00,1.20
2014.05.30 13:15:17.176,1.50033,1.50047,1.38,1.84
2014.05.30 13:15:17.328,1.50035,1.50047,1.19,1.00
2014.05.30 13:15:17.531,1.50033,1.50047,1.19,1.65
2014.05.30 13:15:17.632,1.5003,1.50043,2.07,1.20
2014.05.30 13:15:17.988,1.50028,1.50046,2.07,1.84
2014.05.30 13:15:18.090,1.50033,1.50046,1.00,1.84
2014.05.30 13:15:18.409,1.50033,1.5004,1.00,1.20
2014.05.30 13:15:18.511,1.50036,1.50047,1.00,1.00
2014.05.30 13:15:18.562,1.5004,1.50051,1.00,1.13
2014.05.30 13:15:18.875,1.50033,1.50044,2.44,1.20
2014.05.30 13:15:18.979,1.50033,1.50045,1.69,1.30
2014.05.30 13:15:19.082,1.50033,1.50041,1.25,1.20
2014.05.30 13:15:19.234,1.50033,1.50044,1.25,1.20
2014.05.30 13:15:19.285,1.50033,1.50042,1.25,1.20
2014.05.30 13:15:19.807,1.50033,1.50043,1.25,1.20
2014.05.30 13:15:20.112,1.50038,1.50047,1.00,1.09
2014.05.30 13:15:20.418,1.50038,1.5005,1.50,1.53
2014.05.30 13:15:20.520,1.50038,1.5005,1.69,1.58
2014.05.30 13:15:20.824,1.50038,1.50047,1.50,1.20
2014.05.30 13:15:21.129,1.50043,1.50049,1.00,1.20
2014.05.30 13:15:21.180,1.50043,1.50053,1.00,1.39
2014.05.30 13:15:21.485,1.50042,1.5005,1.09,1.20
2014.05.30 13:15:21.587,1.50043,1.50055,1.20,1.20
2014.05.30 13:15:21.639,1.50042,1.50052,1.09,1.00
2014.05.30 13:15:22.148,1.50039,1.50049,1.02,1.20
2014.05.30 13:15:22.416,1.50038,1.50049,1.33,1.20
2014.05.30 13:15:22.580,1.50038,1.50052,1.25,1.65
2014.05.30 13:15:22.733,1.50043,1.50052,1.00,1.20
2014.05.30 13:15:23.291,1.50038,1.50052,1.19,1.65
2014.05.30 13:15:23.393,1.50043,1.50052,1.00,1.20
2014.05.30 13:15:23.598,1.50038,1.5005,1.32,1.20
2014.05.30 13:15:23.842,1.50043,1.5005,1.00,1.20
2014.05.30 13:15:24.383,1.50038,1.5005,1.57,1.20
2014.05.30 13:15:24.924,1.50038,1.50049,1.57,1.20
2014.05.30 13:15:25.316,1.50039,1.50051,1.69,1.20
2014.05.30 13:15:25.549,1.50039,1.50049,1.69,1.20
2014.05.30 13:15:25.650,1.5004,1.50051,1.19,1.20
2014.05.30 13:15:25.904,1.50043,1.50049,1.00,1.20
2014.05.30 13:15:26.005,1.50043,1.50051,1.00,1.20
2014.05.30 13:15:26.157,1.50042,1.50051,2.44,1.20
2014.05.30 13:15:26.259,1.50046,1.50056,1.00,1.20
2014.05.30 13:15:26.472,1.50046,1.50056,1.19,1.20
2014.05.30 13:15:26.775,1.50046,1.50054,1.94,1.20
2014.05.30 13:15:26.869,1.50046,1.50057,1.94,1.00
2014.05.30 13:15:26.926,1.50053,1.50058,1.00,1.20
2014.05.30 13:15:27.456,1.50053,1.50059,1.00,1.20
2014.05.30 13:15:27.557,1.50048,1.50059,2.07,1.20
2014.05.30 13:15:28.138,1.50048,1.5006,1.69,1.20
2014.05.30 13:15:28.436,1.50053,1.5006,1.00,1.20
2014.05.30 13:15:28.588,1.50053,1.50065,1.00,1.54
2014.05.30 13:15:29.074,1.5005,1.50066,1.25,1.77
2014.05.30 13:15:29.226,1.50053,1.50066,1.00,1.77
2014.05.30 13:15:29.277,1.50053,1.50066,1.00,1.39
2014.05.30 13:15:29.782,1.50053,1.50066,1.10,1.20
2014.05.30 13:15:30.300,1.50053,1.5007,1.20,1.57
2014.05.30 13:15:30.844,1.50053,1.5007,1.39,1.57
2014.05.30 13:15:31.358,1.50054,1.50072,1.39,2.82
2014.05.30 13:15:31.460,1.50055,1.50072,1.34,1.57
2014.05.30 13:15:31.783,1.50059,1.50072,1.10,1.32
2014.05.30 13:15:32.086,1.50064,1.50072,1.00,1.00
2014.05.30 13:15:32.187,1.50064,1.50077,1.19,1.00
2014.05.30 13:15:32.390,1.50068,1.50082,1.00,2.44
2014.05.30 13:15:33.152,1.50066,1.50082,1.19,1.63
2014.05.30 13:15:33.468,1.50066,1.50082,1.19,1.63
2014.05.30 13:15:33.975,1.50068,1.50085,1.50,1.57
2014.05.30 13:15:34.497,1.50066,1.50082,1.19,1.38
2014.05.30 13:15:34.905,1.50068,1.50085,1.19,1.74
2014.05.30 13:15:35.174,1.5007,1.50086,1.57,1.75
2014.05.30 13:15:35.225,1.50069,1.50087,1.69,2.22
2014.05.30 13:15:35.428,1.50069,1.50087,1.02,2.07
2014.05.30 13:15:36.028,1.50073,1.50087,1.00,2.07
2014.05.30 13:15:36.080,1.50073,1.50087,1.00,2.07
2014.05.30 13:15:36.620,1.50073,1.50087,1.00,1.32
2014.05.30 13:15:37.183,1.50073,1.50087,1.00,1.63
2014.05.30 13:15:37.487,1.50069,1.50082,1.77,1.00
2014.05.30 13:15:37.537,1.50069,1.50087,1.02,1.63
2014.05.30 13:15:37.639,1.50068,1.50087,1.19,3.12
2014.05.30 13:15:37.791,1.50073,1.50089,1.00,2.14
2014.05.30 13:15:37.842,1.50073,1.50089,1.00,2.14
2014.05.30 13:15:37.893,1.50069,1.50087,1.39,1.19
2014.05.30 13:15:38.095,1.50073,1.50089,1.00,2.22
2014.05.30 13:15:38.197,1.50073,1.50089,1.25,1.64
2014.05.30 13:15:38.712,1.50069,1.50087,2.52,1.00
2014.05.30 13:15:40.238,1.50073,1.50091,1.63,1.77
2014.05.30 13:15:40.743,1.50072,1.50087,1.67,1.00
2014.05.30 13:15:42.165,1.50075,1.50087,1.00,1.00
2014.05.30 13:15:42.267,1.50074,1.50092,1.19,1.74
2014.05.30 13:15:42.577,1.50076,1.50087,1.00,1.00
2014.05.30 13:15:43.052,1.50076,1.50092,1.00,1.37
2014.05.30 13:15:43.153,1.50076,1.50092,1.19,1.28
2014.05.30 13:15:43.557,1.50076,1.50092,1.00,1.47
2014.05.30 13:15:44.301,1.50076,1.50092,1.00,2.22
2014.05.30 13:15:44.453,1.50076,1.50082,1.00,1.00
2014.05.30 13:15:44.656,1.50071,1.50082,2.07,1.00
2014.05.30 13:15:44.909,1.50073,1.50087,1.38,1.25
2014.05.30 13:15:45.489,1.50075,1.50087,1.00,1.00
2014.05.30 13:15:45.590,1.50075,1.50087,1.19,1.00
2014.05.30 13:15:45.793,1.50078,1.50092,1.00,1.02
2014.05.30 13:15:46.096,1.50078,1.50092,1.00,1.77
2014.05.30 13:15:46.357,1.50075,1.50092,1.00,2.14
2014.05.30 13:15:46.458,1.50073,1.50087,1.00,1.25
2014.05.30 13:15:46.768,1.50078,1.5009,1.00,1.57
2014.05.30 13:15:47.084,1.50083,1.50091,1.00,1.47
2014.05.30 13:15:47.338,1.50078,1.50091,1.00,2.22
2014.05.30 13:15:47.697,1.50078,1.50091,1.00,1.37
2014.05.30 13:15:48.803,1.50078,1.50091,1.00,1.37
2014.05.30 13:15:48.854,1.50073,1.50087,1.69,1.00
2014.05.30 13:15:49.107,1.50078,1.50091,1.00,1.37
2014.05.30 13:15:49.208,1.50078,1.50092,1.00,1.19
2014.05.30 13:15:49.309,1.50083,1.50093,1.00,2.07
2014.05.30 13:15:49.618,1.50078,1.50092,1.00,1.19
2014.05.30 13:15:50.246,1.50078,1.50092,1.25,1.00
2014.05.30 13:15:50.497,1.50088,1.50096,1.00,1.63
2014.05.30 13:15:50.551,1.50088,1.50099,1.00,1.25
2014.05.30 13:15:50.652,1.50089,1.50101,1.10,1.00
2014.05.30 13:15:50.754,1.50093,1.50107,1.00,2.07
2014.05.30 13:15:51.415,1.50098,1.50109,1.00,2.22
2014.05.30 13:15:51.618,1.50093,1.50107,1.00,1.32
2014.05.30 13:15:52.036,1.50093,1.50107,1.00,1.69
2014.05.30 13:15:52.340,1.50093,1.50106,1.00,1.94
2014.05.30 13:15:52.390,1.50088,1.50102,1.29,1.13
2014.05.30 13:15:52.492,1.50088,1.50097,1.19,1.00
2014.05.30 13:15:52.593,1.50088,1.50102,1.50,1.25
2014.05.30 13:15:53.138,1.50093,1.50105,1.00,1.67
2014.05.30 13:15:53.556,1.50093,1.50106,1.00,1.37
2014.05.30 13:15:53.607,1.50088,1.50102,2.82,1.00
2014.05.30 13:15:54.163,1.50088,1.50102,1.69,1.50
2014.05.30 13:15:54.360,1.50093,1.50105,1.00,1.67
2014.05.30 13:15:54.414,1.50093,1.50105,1.00,1.29
2014.05.30 13:15:55.428,1.50093,1.50104,1.00,2.07
2014.05.30 13:15:56.152,1.50093,1.50101,1.00,1.00
2014.05.30 13:15:56.455,1.50093,1.50101,1.00,2.07
2014.05.30 13:15:56.607,1.50084,1.50097,1.02,1.75
2014.05.30 13:15:56.709,1.50083,1.50095,1.00,1.69
2014.05.30 13:15:56.810,1.50083,1.50093,1.00,1.57
2014.05.30 13:15:57.114,1.50078,1.50092,1.28,1.19
2014.05.30 13:15:57.266,1.50078,1.50092,1.13,1.69
2014.05.30 13:15:57.316,1.50083,1.50092,1.00,1.69
2014.05.30 13:15:57.714,1.50083,1.50092,1.00,1.00
2014.05.30 13:15:57.765,1.50083,1.50096,1.00,2.44
2014.05.30 13:15:57.917,1.50083,1.50096,1.00,1.25
2014.05.30 13:15:58.068,1.50088,1.50099,1.00,2.44
2014.05.30 13:15:58.322,1.50088,1.50099,1.00,1.25
2014.05.30 13:15:58.423,1.50083,1.501,2.07,1.29
2014.05.30 13:15:58.525,1.50088,1.50103,1.00,1.84
2014.05.30 13:15:59.167,1.50089,1.50101,1.00,1.13
2014.05.30 13:15:59.471,1.50089,1.50101,1.00,1.69
2014.05.30 13:16:00.082,1.50088,1.50102,1.00,1.57
2014.05.30 13:16:00.387,1.50093,1.50104,1.00,1.94
2014.05.30 13:16:00.554,1.50093,1.50103,1.00,1.00
2014.05.30 13:16:01.170,1.50089,1.50102,1.02,1.00
2014.05.30 13:16:02.814,1.50089,1.50102,1.39,1.00
2014.05.30 13:16:05.426,1.50089,1.50102,1.69,1.00
2014.05.30 13:16:06.465,1.50089,1.50102,1.19,1.38
2014.05.30 13:16:06.516,1.50088,1.50102,1.50,2.07
2014.05.30 13:16:06.567,1.50088,1.50102,1.50,2.07
2014.05.30 13:16:06.870,1.50086,1.50097,1.00,1.13
2014.05.30 13:16:06.972,1.50083,1.50097,1.00,1.69
2014.05.30 13:16:07.022,1.50083,1.50096,1.00,1.64
2014.05.30 13:16:07.124,1.50078,1.50092,2.44,1.13
2014.05.30 13:16:07.377,1.5008,1.50092,1.00,1.20
2014.05.30 13:16:07.630,1.50078,1.50092,1.00,1.32
2014.05.30 13:16:07.681,1.50078,1.50092,1.00,1.39
2014.05.30 13:16:07.985,1.50084,1.50092,1.00,1.63
2014.05.30 13:16:08.339,1.50084,1.50095,1.00,1.67
2014.05.30 13:16:08.417,1.50084,1.50095,1.00,1.67
2014.05.30 13:16:08.569,1.50084,1.50095,1.00,1.48
2014.05.30 13:16:08.874,1.50079,1.50087,2.07,1.00
2014.05.30 13:16:08.975,1.50079,1.50087,1.19,1.00
2014.05.30 13:16:09.077,1.50078,1.50092,2.44,1.88
2014.05.30 13:16:09.178,1.50078,1.50092,1.69,1.95
2014.05.30 13:16:09.284,1.50083,1.50093,1.00,1.32
2014.05.30 13:16:09.608,1.50083,1.50096,1.50,2.14
2014.05.30 13:16:11.032,1.50083,1.50096,1.00,2.14
2014.05.30 13:16:11.926,1.50079,1.50092,1.69,1.00
2014.05.30 13:16:12.132,1.50083,1.50096,1.00,3.04
2014.05.30 13:16:12.614,1.50083,1.50095,1.00,1.57
2014.05.30 13:16:14.119,1.50078,1.50092,1.00,2.22
2014.05.30 13:16:14.442,1.50078,1.50092,1.00,2.22
2014.05.30 13:16:14.824,1.50078,1.50089,1.00,1.57
2014.05.30 13:16:15.129,1.50078,1.50086,1.00,1.39
2014.05.30 13:16:15.231,1.50073,1.50084,1.00,1.37
2014.05.30 13:16:15.333,1.50077,1.50084,1.00,1.37
2014.05.30 13:16:15.671,1.50073,1.50084,1.00,1.37
2014.05.30 13:16:16.221,1.50078,1.50088,1.00,3.57
2014.05.30 13:16:16.272,1.50078,1.50088,1.00,2.97
2014.05.30 13:16:17.116,1.50078,1.50088,1.00,2.14
2014.05.30 13:16:18.227,1.50078,1.50088,1.00,1.39
2014.05.30 13:16:18.278,1.50082,1.50088,1.00,1.39
2014.05.30 13:16:19.681,1.5007,1.50088,1.69,1.39
2014.05.30 13:16:19.732,1.50078,1.50088,1.00,2.14
2014.05.30 13:16:20.288,1.50078,1.50088,1.00,1.39
2014.05.30 13:16:20.389,1.50078,1.50088,1.00,1.39
2014.05.30 13:16:20.742,1.50078,1.50089,1.00,1.74
2014.05.30 13:16:26.176,1.50078,1.50091,1.00,1.67
2014.05.30 13:16:26.781,1.50078,1.50092,1.00,1.74
2014.05.30 13:16:29.013,1.50083,1.50093,1.00,2.22
2014.05.30 13:16:29.165,1.50078,1.50092,1.00,1.74
2014.05.30 13:16:31.134,1.50083,1.50091,1.00,1.02
2014.05.30 13:16:31.654,1.50078,1.50091,1.00,1.02
2014.05.30 13:16:32.217,1.50078,1.50091,1.00,1.02
2014.05.30 13:16:32.583,1.50083,1.50091,1.00,1.02
2014.05.30 13:16:32.684,1.50078,1.50091,1.00,1.02
2014.05.30 13:16:34.386,1.50078,1.50092,1.00,1.74
2014.05.30 13:16:34.487,1.50078,1.50092,1.25,1.13
2014.05.30 13:16:34.639,1.50083,1.50094,1.00,1.48
2014.05.30 13:16:34.690,1.50083,1.50094,1.00,1.20
2014.05.30 13:16:34.741,1.50083,1.50094,1.88,1.20
2014.05.30 13:16:35.145,1.50083,1.50097,1.00,2.04
2014.05.30 13:16:38.046,1.50083,1.50094,1.00,2.44
2014.05.30 13:16:38.473,1.50083,1.50092,1.00,2.07
2014.05.30 13:16:38.525,1.50078,1.50091,1.00,1.72
2014.05.30 13:16:38.628,1.50078,1.50089,1.00,1.77
2014.05.30 13:16:38.936,1.50067,1.50083,2.14,1.02
2014.05.30 13:16:39.038,1.50073,1.50082,1.00,1.38
2014.05.30 13:16:39.562,1.50073,1.50082,1.00,1.38
2014.05.30 13:16:40.080,1.50073,1.50082,1.00,1.63
2014.05.30 13:16:40.917,1.50077,1.50082,1.00,1.25
2014.05.30 13:16:41.121,1.50077,1.50085,1.00,2.59
2014.05.30 13:16:41.433,1.50073,1.50085,1.00,1.84
2014.05.30 13:16:41.586,1.50068,1.50082,1.00,1.50
2014.05.30 13:16:41.637,1.50068,1.50082,2.07,1.65
2014.05.30 13:16:41.993,1.50073,1.50085,1.00,1.80
2014.05.30 13:16:42.095,1.50068,1.50082,2.07,1.00
2014.05.30 13:16:42.197,1.50072,1.50082,1.13,1.00
2014.05.30 13:16:42.586,1.50072,1.50085,1.32,1.00
2014.05.30 13:16:42.990,1.50068,1.50085,1.69,1.63
2014.05.30 13:16:43.296,1.50068,1.50084,1.19,1.55
2014.05.30 13:16:43.825,1.50068,1.50083,1.00,1.77
2014.05.30 13:16:44.329,1.50068,1.50083,1.00,2.67
2014.05.30 13:16:44.431,1.50073,1.50083,1.00,1.77
2014.05.30 13:16:44.663,1.50068,1.50083,1.00,2.14
2014.05.30 13:16:45.605,1.50065,1.50082,1.19,1.69
2014.05.30 13:16:46.120,1.50068,1.50083,1.00,3.04
2014.05.30 13:16:46.724,1.50073,1.50083,1.00,1.67
2014.05.30 13:16:46.876,1.50073,1.50083,1.00,1.38
2014.05.30 13:16:47.180,1.50077,1.50085,1.00,1.32
2014.05.30 13:16:47.283,1.50077,1.50084,1.00,1.00
2014.05.30 13:16:47.895,1.50073,1.50084,1.00,1.25
2014.05.30 13:16:48.047,1.50068,1.50082,1.57,1.00
2014.05.30 13:16:48.149,1.50068,1.50082,1.57,1.38
2014.05.30 13:16:48.460,1.50073,1.50085,1.00,1.32
2014.05.30 13:16:48.561,1.50068,1.50082,1.00,1.63
2014.05.30 13:16:48.916,1.50073,1.50085,1.00,1.69
2014.05.30 13:16:49.017,1.50068,1.50082,1.00,1.63
2014.05.30 13:16:49.118,1.50073,1.50085,1.00,1.69
2014.05.30 13:16:49.169,1.50073,1.50084,1.00,1.19
2014.05.30 13:16:49.342,1.50073,1.50084,1.00,1.57
2014.05.30 13:16:49.572,1.50073,1.50084,1.00,1.69
2014.05.30 13:16:49.802,1.50073,1.50084,1.00,2.07
2014.05.30 13:16:50.301,1.50068,1.50082,1.00,1.57
2014.05.30 13:16:50.352,1.50067,1.50082,1.13,1.84
2014.05.30 13:16:50.557,1.50077,1.50083,1.00,1.92
2014.05.30 13:16:50.759,1.50073,1.50083,1.00,1.10
2014.05.30 13:16:50.911,1.50073,1.50084,1.00,1.55
2014.05.30 13:16:51.229,1.50073,1.50086,1.00,2.52
2014.05.30 13:16:51.773,1.50073,1.50086,1.00,2.52
2014.05.30 13:16:52.953,1.50069,1.50082,1.50,1.38
2014.05.30 13:16:54.094,1.50073,1.50086,1.00,4.02
2014.05.30 13:16:54.397,1.50068,1.50082,1.00,1.58
2014.05.30 13:16:54.700,1.50068,1.5008,1.63,1.00
2014.05.30 13:16:54.852,1.50068,1.50083,1.63,1.09
2014.05.30 13:16:55.092,1.50068,1.50082,1.63,1.48
2014.05.30 13:16:55.142,1.50068,1.50082,1.25,1.38
2014.05.30 13:16:55.193,1.50073,1.50083,1.00,1.63
2014.05.30 13:16:57.922,1.50073,1.50083,1.00,2.07
2014.05.30 13:16:58.249,1.50068,1.50082,1.00,1.57
2014.05.30 13:16:58.806,1.50068,1.50077,1.00,1.32
2014.05.30 13:16:59.824,1.50068,1.50077,1.00,1.13
2014.05.30 13:17:01.024,1.50068,1.5008,1.00,1.57
2014.05.30 13:17:01.524,1.50073,1.5008,1.00,1.57
2014.05.30 13:17:01.727,1.50068,1.5008,1.00,1.64
2014.05.30 13:17:02.054,1.50073,1.50081,1.00,1.67
2014.05.30 13:17:02.155,1.50073,1.50082,1.00,2.22
2014.05.30 13:17:02.307,1.50068,1.50082,1.69,1.28
2014.05.30 13:17:02.408,1.50073,1.5008,1.00,1.10
2014.05.30 13:17:02.560,1.50073,1.50083,1.00,1.02
2014.05.30 13:17:02.611,1.50078,1.50083,1.00,1.02
2014.05.30 13:17:03.133,1.50078,1.50086,1.00,1.27
2014.05.30 13:17:03.594,1.50073,1.50086,1.13,1.57
2014.05.30 13:17:03.796,1.50073,1.50084,1.00,1.27
2014.05.30 13:17:04.363,1.50068,1.50082,1.00,1.47
2014.05.30 13:17:04.850,1.50073,1.50083,1.00,2.89
2014.05.30 13:17:05.155,1.50068,1.50082,1.00,2.59
2014.05.30 13:17:05.256,1.50068,1.50081,1.00,1.84
2014.05.30 13:17:05.509,1.50063,1.50077,1.32,1.48
2014.05.30 13:17:06.803,1.50068,1.50078,1.00,1.74
2014.05.30 13:17:08.264,1.50068,1.50078,1.00,1.84
2014.05.30 13:17:08.668,1.50072,1.50078,1.00,1.09
2014.05.30 13:17:09.176,1.50073,1.50083,1.00,1.18
2014.05.30 13:17:09.723,1.50073,1.50085,1.00,1.38
2014.05.30 13:17:10.379,1.50073,1.50085,1.00,1.37
2014.05.30 13:17:10.581,1.50078,1.50088,1.00,2.44
2014.05.30 13:17:10.683,1.50073,1.50087,1.00,1.29
2014.05.30 13:17:10.784,1.50078,1.50088,1.00,1.47
2014.05.30 13:17:11.035,1.50073,1.50087,1.00,1.29
2014.05.30 13:17:11.238,1.50078,1.50088,1.00,1.47
2014.05.30 13:17:11.760,1.50078,1.50088,1.00,1.28
2014.05.30 13:17:12.331,1.50078,1.50088,1.00,1.55
2014.05.30 13:17:14.292,1.50073,1.50085,1.00,1.00
2014.05.30 13:17:14.343,1.50066,1.50085,1.72,1.69
2014.05.30 13:17:14.990,1.50068,1.50082,1.00,3.27
2014.05.30 13:17:15.716,1.50073,1.50082,1.00,1.37
2014.05.30 13:17:16.072,1.50073,1.50082,1.00,1.74
2014.05.30 13:17:16.655,1.50073,1.50084,1.00,1.39
2014.05.30 13:17:16.706,1.50078,1.50087,1.00,2.14
2014.05.30 13:17:16.757,1.50078,1.50085,1.00,1.32
2014.05.30 13:17:16.858,1.50073,1.50085,2.07,1.00
2014.05.30 13:17:16.960,1.50078,1.50088,1.00,1.00
2014.05.30 13:17:17.061,1.50073,1.50087,2.07,1.00
2014.05.30 13:17:17.263,1.50078,1.50091,1.00,1.77
2014.05.30 13:17:17.617,1.50083,1.50091,1.00,1.67
2014.05.30 13:17:18.821,1.50078,1.50091,1.57,1.38
2014.05.30 13:17:18.972,1.50088,1.50094,1.00,1.32
2014.05.30 13:17:19.041,1.50078,1.50094,1.57,1.63
2014.05.30 13:17:19.142,1.50079,1.50092,1.25,1.55
2014.05.30 13:17:19.294,1.50078,1.50091,1.00,1.69
2014.05.30 13:17:19.599,1.50082,1.50087,1.00,1.00
2014.05.30 13:17:19.783,1.50078,1.50087,1.00,1.00
2014.05.30 13:17:19.935,1.50082,1.50087,1.00,1.00
2014.05.30 13:17:20.429,1.50078,1.50087,1.00,1.25
2014.05.30 13:17:21.799,1.50078,1.50087,1.00,1.19
2014.05.30 13:17:22.893,1.50078,1.50087,1.00,1.00
2014.05.30 13:17:24.369,1.50078,1.50087,1.00,1.75
2014.05.30 13:17:24.673,1.50077,1.50082,1.00,1.25
2014.05.30 13:17:24.725,1.50073,1.50082,1.00,1.25
2014.05.30 13:17:24.927,1.50078,1.50082,1.00,1.00
2014.05.30 13:17:25.079,1.50078,1.50087,1.00,1.00
2014.05.30 13:17:25.130,1.50078,1.5009,1.00,1.28
2014.05.30 13:17:25.508,1.50083,1.5009,1.00,1.18
2014.05.30 13:17:25.610,1.50078,1.5009,1.00,1.00
2014.05.30 13:17:25.711,1.50083,1.50093,1.00,1.39
2014.05.30 13:17:25.953,1.50078,1.50092,1.00,1.25
2014.05.30 13:17:26.156,1.50087,1.50093,1.00,1.20
2014.05.30 13:17:26.259,1.50083,1.5009,1.00,1.25
2014.05.30 13:17:26.490,1.50083,1.5009,1.00,1.57
2014.05.30 13:17:26.595,1.50078,1.50084,1.00,1.00
2014.05.30 13:17:27.113,1.50078,1.50087,1.00,1.69
2014.05.30 13:17:27.553,1.50078,1.50087,1.00,1.69
2014.05.30 13:17:27.603,1.50073,1.50087,1.00,1.69
2014.05.30 13:17:27.655,1.50073,1.50087,1.00,1.32
2014.05.30 13:17:27.909,1.50078,1.50087,1.00,1.32
2014.05.30 13:17:28.364,1.50073,1.50087,1.00,2.44
2014.05.30 13:17:28.828,1.50073,1.50077,1.00,1.00
2014.05.30 13:17:28.929,1.50073,1.50083,1.00,1.02
2014.05.30 13:17:29.082,1.50073,1.50083,1.00,1.02
2014.05.30 13:17:29.335,1.50073,1.50082,1.00,1.32
2014.05.30 13:17:29.486,1.50073,1.50082,1.00,1.32
2014.05.30 13:17:29.790,1.50063,1.50079,1.47,1.69
2014.05.30 13:17:29.891,1.50068,1.50076,1.00,1.29
2014.05.30 13:17:30.325,1.50071,1.50078,1.00,1.09
2014.05.30 13:17:30.868,1.50073,1.50082,1.00,1.77
2014.05.30 13:17:31.405,1.50073,1.50082,1.00,1.39
2014.05.30 13:17:32.107,1.50073,1.50082,1.00,1.20
2014.05.30 13:17:34.622,1.50073,1.50085,1.25,1.10
2014.05.30 13:17:34.724,1.50078,1.50085,1.00,1.10
2014.05.30 13:17:34.876,1.50078,1.50089,1.00,1.20
2014.05.30 13:17:35.423,1.50078,1.50092,1.00,2.89
2014.05.30 13:17:35.740,1.50078,1.50092,1.00,2.52
2014.05.30 13:17:36.743,1.50078,1.50092,1.00,2.14
2014.05.30 13:17:37.113,1.50083,1.50092,1.00,1.39
2014.05.30 13:17:37.264,1.50078,1.50092,1.00,2.14
2014.05.30 13:17:37.771,1.50078,1.50092,1.00,2.14
2014.05.30 13:17:38.024,1.50075,1.50087,1.32,1.00
2014.05.30 13:17:38.226,1.50073,1.50086,1.00,1.50
2014.05.30 13:17:38.277,1.50073,1.50084,1.00,1.25
2014.05.30 13:17:38.589,1.50078,1.50084,1.00,1.25
2014.05.30 13:17:39.440,1.50073,1.50084,1.00,1.25
2014.05.30 13:17:39.592,1.50078,1.50084,1.00,1.25
2014.05.30 13:17:40.377,1.50078,1.50087,1.00,2.44
2014.05.30 13:17:40.682,1.50078,1.50083,1.00,1.00
2014.05.30 13:17:45.161,1.50073,1.50083,1.00,1.32
2014.05.30 13:17:45.691,1.50073,1.50083,1.00,1.38
2014.05.30 13:17:49.576,1.50073,1.50087,1.88,1.69
2014.05.30 13:17:49.627,1.50073,1.50087,1.88,1.69
2014.05.30 13:17:49.779,1.50078,1.50092,1.13,1.39
2014.05.30 13:17:50.436,1.50078,1.50092,1.13,1.67
2014.05.30 13:17:51.163,1.50078,1.50092,1.00,1.67
2014.05.30 13:17:52.273,1.50083,1.50093,1.00,1.74
2014.05.30 13:17:52.752,1.50084,1.50093,1.20,1.00
2014.05.30 13:17:52.855,1.50088,1.50096,1.00,1.00
2014.05.30 13:17:53.057,1.50088,1.50099,1.00,1.02
2014.05.30 13:17:53.209,1.50088,1.50097,1.00,1.19
2014.05.30 13:17:53.412,1.50083,1.50095,1.13,1.25
2014.05.30 13:17:53.716,1.50083,1.50098,1.25,1.47
2014.05.30 13:17:53.818,1.50088,1.50098,1.00,1.25
2014.05.30 13:17:55.193,1.50089,1.50098,1.20,1.00
2014.05.30 13:17:55.700,1.50088,1.50098,1.00,1.00
2014.05.30 13:17:56.055,1.50088,1.50098,1.00,2.97
2014.05.30 13:17:56.358,1.50083,1.50095,1.00,1.47
2014.05.30 13:17:56.459,1.50083,1.50095,1.00,2.59
2014.05.30 13:17:58.795,1.50083,1.50095,1.00,1.84
2014.05.30 13:17:59.301,1.50083,1.50095,1.00,1.84
2014.05.30 13:18:00.113,1.50083,1.50095,1.00,1.84
2014.05.30 13:18:00.471,1.50083,1.50095,1.00,1.84
2014.05.30 13:18:01.638,1.50078,1.50092,1.00,1.32
2014.05.30 13:18:02.593,1.50078,1.50092,1.00,1.32
2014.05.30 13:18:04.473,1.50083,1.50094,1.00,1.67
2014.05.30 13:18:05.908,1.50078,1.50092,1.00,1.32
2014.05.30 13:18:05.959,1.50078,1.50092,1.00,1.57
2014.05.30 13:18:09.191,1.50082,1.50091,1.00,1.74
2014.05.30 13:18:09.635,1.50078,1.50092,1.00,2.22
2014.05.30 13:18:10.623,1.50083,1.50093,1.00,1.77
2014.05.30 13:18:11.642,1.50078,1.50092,1.00,2.22
2014.05.30 13:18:12.316,1.50083,1.50092,1.00,1.39
2014.05.30 13:18:12.367,1.50083,1.50097,1.00,1.47
2014.05.30 13:18:12.468,1.50083,1.50097,1.00,1.25
2014.05.30 13:18:12.634,1.50083,1.50097,1.00,1.77
2014.05.30 13:18:12.938,1.50088,1.501,1.00,1.84
2014.05.30 13:18:13.444,1.50088,1.50101,1.00,1.02
2014.05.30 13:18:13.595,1.50088,1.50102,1.00,2.07
2014.05.30 13:18:14.015,1.50085,1.50097,1.63,1.00
2014.05.30 13:18:14.066,1.50085,1.50097,1.32,1.00
2014.05.30 13:18:14.369,1.50088,1.50102,1.00,1.69
2014.05.30 13:18:14.673,1.50093,1.50104,1.00,1.09
2014.05.30 13:18:14.814,1.50088,1.50102,1.00,1.57
2014.05.30 13:18:15.329,1.50088,1.50102,1.88,1.57
2014.05.30 13:18:15.697,1.50088,1.50102,1.88,1.63
2014.05.30 13:18:16.002,1.50098,1.50107,1.00,1.02
2014.05.30 13:18:17.870,1.50093,1.50107,1.00,2.52
2014.05.30 13:18:18.124,1.50088,1.50102,2.07,1.00
2014.05.30 13:18:19.071,1.50093,1.50106,1.00,1.72
2014.05.30 13:18:20.061,1.50097,1.50107,1.00,2.52
2014.05.30 13:18:21.320,1.50093,1.50107,1.00,3.27
2014.05.30 13:18:21.821,1.50093,1.50107,1.00,3.27
2014.05.30 13:18:22.372,1.50098,1.50106,1.00,1.72
2014.05.30 13:18:22.524,1.50093,1.50106,1.00,1.72
2014.05.30 13:18:22.702,1.50098,1.50106,1.00,1.72
2014.05.30 13:18:23.080,1.50093,1.50107,1.00,3.27
2014.05.30 13:18:23.634,1.50088,1.50102,2.07,1.00
2014.05.30 13:18:23.887,1.50093,1.50106,1.00,1.92
2014.05.30 13:18:25.382,1.50088,1.50102,2.07,1.13
2014.05.30 13:18:25.897,1.50088,1.50102,1.00,1.39
2014.05.30 13:18:25.999,1.50088,1.50102,1.00,1.39
2014.05.30 13:18:29.063,1.50088,1.50102,1.00,1.77
2014.05.30 13:18:29.542,1.50088,1.501,1.00,1.19
2014.05.30 13:18:29.593,1.50085,1.50097,1.00,1.02
2014.05.30 13:18:29.644,1.50085,1.50097,1.00,1.77
2014.05.30 13:18:29.948,1.50088,1.50097,1.00,1.84
2014.05.30 13:18:30.050,1.50083,1.50097,1.00,3.34
2014.05.30 13:18:30.252,1.50078,1.50092,1.32,1.00
2014.05.30 13:18:30.354,1.50083,1.50095,1.00,1.39
2014.05.30 13:18:31.074,1.50083,1.50094,1.00,1.72
2014.05.30 13:18:32.051,1.50083,1.50094,1.00,1.84
2014.05.30 13:18:32.908,1.50078,1.50092,1.00,1.29
2014.05.30 13:18:34.881,1.50083,1.50094,1.00,1.34
2014.05.30 13:18:35.414,1.50083,1.50095,1.00,3.64
2014.05.30 13:18:36.600,1.50078,1.50092,1.00,1.02
2014.05.30 13:18:37.115,1.50078,1.50092,1.00,1.29
2014.05.30 13:18:37.742,1.50083,1.50095,1.00,3.64
2014.05.30 13:18:40.129,1.50078,1.50092,1.00,1.39
2014.05.30 13:18:41.160,1.50083,1.50093,1.00,1.37
2014.05.30 13:18:41.362,1.50078,1.50092,1.00,1.37
2014.05.30 13:18:41.866,1.50078,1.50092,1.00,1.34
2014.05.30 13:18:42.896,1.50083,1.50093,1.00,2.14
2014.05.30 13:18:43.254,1.50078,1.50092,1.38,1.29
2014.05.30 13:18:43.356,1.50083,1.50095,1.00,2.14
2014.05.30 13:18:43.659,1.50078,1.50092,1.25,1.10
2014.05.30 13:18:43.811,1.50083,1.50095,1.00,2.52
2014.05.30 13:18:44.014,1.50078,1.50092,1.25,1.20
2014.05.30 13:18:44.065,1.50078,1.50092,1.00,1.47
2014.05.30 13:18:44.368,1.50078,1.50089,1.00,2.14
2014.05.30 13:18:44.520,1.50078,1.5009,1.00,1.67
2014.05.30 13:18:45.178,1.50078,1.50091,1.00,1.74
2014.05.30 13:18:45.687,1.50078,1.50092,1.00,2.22
2014.05.30 13:18:46.872,1.50083,1.50092,1.00,1.47
2014.05.30 13:18:47.455,1.50083,1.50092,1.00,2.07
2014.05.30 13:18:47.963,1.50078,1.5009,1.00,1.30
2014.05.30 13:18:48.381,1.50083,1.50093,1.00,2.44
2014.05.30 13:18:48.687,1.50086,1.50093,1.00,1.25
2014.05.30 13:18:48.739,1.50087,1.50093,1.00,1.25
2014.05.30 13:18:48.842,1.50083,1.50094,1.00,1.47
2014.05.30 13:18:48.994,1.50083,1.50094,1.00,1.77
2014.05.30 13:18:49.045,1.50078,1.50092,1.32,1.20
2014.05.30 13:18:49.149,1.50083,1.50094,1.00,2.07
2014.05.30 13:18:49.514,1.50083,1.50096,1.00,2.07
2014.05.30 13:18:50.521,1.50083,1.50094,1.00,1.02
2014.05.30 13:18:51.082,1.50083,1.50097,1.00,3.19
2014.05.30 13:18:51.133,1.50083,1.50097,1.13,2.44
2014.05.30 13:18:51.184,1.50083,1.50097,1.32,1.95
2014.05.30 13:18:51.530,1.50088,1.50101,1.00,2.82
2014.05.30 13:18:51.855,1.50088,1.50099,1.00,1.45
2014.05.30 13:18:52.368,1.50088,1.50098,1.00,1.34
2014.05.30 13:18:52.781,1.5009,1.50097,1.00,1.77
2014.05.30 13:18:52.884,1.50088,1.50096,1.00,1.20
2014.05.30 13:18:53.238,1.5008,1.50097,1.57,1.69
2014.05.30 13:18:53.340,1.50083,1.50097,1.19,1.18
2014.05.30 13:18:53.493,1.50083,1.50097,1.19,1.48
2014.05.30 13:18:53.644,1.50088,1.50099,1.00,1.32
2014.05.30 13:18:56.021,1.50078,1.50093,1.19,1.18
2014.05.30 13:18:56.072,1.50083,1.50092,1.00,1.15
2014.05.30 13:18:56.123,1.50083,1.50092,1.00,2.14
2014.05.30 13:18:56.174,1.50078,1.50091,1.00,1.02
2014.05.30 13:18:56.326,1.50082,1.50091,1.00,2.52
2014.05.30 13:18:56.430,1.50078,1.5009,1.00,1.69
2014.05.30 13:18:56.749,1.50082,1.5009,1.00,1.69
2014.05.30 13:18:57.081,1.50078,1.5009,1.00,1.69
2014.05.30 13:18:57.182,1.50073,1.50087,1.32,1.18
2014.05.30 13:18:57.233,1.50073,1.50087,1.19,1.20
2014.05.30 13:18:57.758,1.50073,1.50086,1.00,1.20
