2016.11.01 09:00:00.271,1.20883,1.20902,2.81,1.00
2016.11.01 09:00:00.790,1.20883,1.20901,1.75,1.00
2016.11.01 09:00:01.095,1.20883,1.20899,1.75,1.00
2016.11.01 09:00:01.298,1.2088,1.20899,2.06,1.50
2016.11.01 09:00:01.455,1.20881,1.20899,2.06,1.00
2016.11.01 09:00:03.219,1.20882,1.209,1.75,1.00
2016.11.01 09:00:03.433,1.20884,1.20905,2.06,1.00
2016.11.01 09:00:03.484,1.20887,1.20905,1.00,1.00
2016.11.01 09:00:03.535,1.20887,1.20908,2.06,1.37
2016.11.01 09:00:03.586,1.20889,1.20909,1.12,1.12
2016.11.01 09:00:03.689,1.2089,1.20909,1.75,1.00
2016.11.01 09:00:05.749,1.20894,1.20909,1.00,1.00
2016.11.01 09:00:05.851,1.20896,1.20914,1.37,1.00
2016.11.01 09:00:05.902,1.20899,1.20914,1.00,1.00
2016.11.01 09:00:06.004,1.20899,1.20918,1.50,1.12
2016.11.01 09:00:06.056,1.20899,1.20918,1.87,1.00
2016.11.01 09:00:06.381,1.20899,1.20916,1.75,1.00
2016.11.01 09:00:06.486,1.20899,1.20916,1.12,1.00
2016.11.01 09:00:07.177,1.20898,1.20919,1.37,1.37
2016.11.01 09:00:07.701,1.20899,1.20919,1.12,1.12
2016.11.01 09:00:11.409,1.20898,1.20914,1.37,1.00
2016.11.01 09:00:11.810,1.20899,1.20919,1.12,1.00
2016.11.01 09:00:12.607,1.20899,1.20918,1.12,1.00
2016.11.01 09:00:13.826,1.20898,1.20919,1.69,1.00
2016.11.01 09:00:14.822,1.209,1.20919,1.00,1.50
2016.11.01 09:00:16.095,1.209,1.2092,1.00,1.12
2016.11.01 09:00:16.197,1.209,1.20919,1.37,1.00
2016.11.01 09:00:18.706,1.209,1.20914,1.75,1.00
2016.11.01 09:00:18.757,1.209,1.2092,1.75,1.50
2016.11.01 09:00:19.268,1.209,1.20919,1.75,1.00
2016.11.01 09:00:21.331,1.20901,1.20922,1.50,1.25
2016.11.01 09:00:21.433,1.20903,1.20922,1.00,1.00
2016.11.01 09:00:21.535,1.20906,1.20924,1.00,1.87
2016.11.01 09:00:21.839,1.20907,1.20915,1.00,1.00
2016.11.01 09:00:21.976,1.209,1.20915,1.50,1.00
2016.11.01 09:00:24.561,1.209,1.20919,1.50,1.50
2016.11.01 09:00:24.699,1.209,1.20915,1.12,1.00
2016.11.01 09:00:24.852,1.209,1.20919,1.37,1.25
2016.11.01 09:00:25.162,1.20895,1.20914,1.87,1.00
2016.11.01 09:00:25.365,1.20901,1.20919,1.00,1.50
2016.11.01 09:00:25.938,1.20898,1.20914,1.12,1.75
2016.11.01 09:00:25.989,1.20895,1.20914,3.00,2.13
2016.11.01 09:00:26.041,1.20895,1.20914,1.12,2.13
2016.11.01 09:00:26.092,1.20892,1.20914,1.50,2.13
2016.11.01 09:00:26.442,1.20891,1.20909,1.50,1.00
2016.11.01 09:00:26.595,1.20891,1.20909,1.12,1.00
2016.11.01 09:00:26.908,1.2089,1.20909,1.12,2.13
2016.11.01 09:00:27.253,1.20879,1.20898,1.87,1.00
2016.11.01 09:00:27.304,1.20879,1.20898,1.37,1.00
2016.11.01 09:00:27.660,1.20879,1.20894,1.37,1.00
2016.11.01 09:00:27.880,1.20879,1.20898,1.37,1.00
2016.11.01 09:00:28.252,1.20884,1.20902,1.00,1.37
2016.11.01 09:00:28.506,1.20885,1.20905,1.50,1.25
2016.11.01 09:00:29.477,1.20885,1.20899,1.50,1.00
2016.11.01 09:00:29.833,1.20888,1.20899,1.00,1.00
2016.11.01 09:00:29.985,1.20891,1.20908,1.00,1.00
2016.11.01 09:00:30.036,1.20895,1.2091,1.00,1.50
2016.11.01 09:00:30.087,1.20895,1.20912,1.00,1.37
2016.11.01 09:00:30.138,1.20897,1.20912,1.00,1.00
2016.11.01 09:00:30.243,1.20897,1.20914,1.00,1.12
2016.11.01 09:00:30.699,1.20897,1.20914,1.37,1.00
2016.11.01 09:00:31.953,1.20899,1.20915,1.37,1.00
2016.11.01 09:00:32.067,1.20897,1.20916,1.00,1.25
2016.11.01 09:00:32.177,1.20896,1.20915,2.25,1.75
2016.11.01 09:00:32.383,1.20881,1.20898,1.00,2.69
2016.11.01 09:00:32.485,1.20881,1.209,1.00,1.50
2016.11.01 09:00:33.041,1.20882,1.20899,1.00,1.12
2016.11.01 09:00:33.143,1.20886,1.20899,1.00,1.00
2016.11.01 09:00:33.195,1.20886,1.20907,1.00,1.87
2016.11.01 09:00:33.246,1.20887,1.20909,1.00,3.19
2016.11.01 09:00:33.299,1.20887,1.20909,1.00,2.06
2016.11.01 09:00:33.554,1.20886,1.20904,1.12,1.00
2016.11.01 09:00:35.360,1.20886,1.20905,1.12,1.00
2016.11.01 09:00:35.867,1.20887,1.20909,1.00,2.06
2016.11.01 09:00:36.070,1.20888,1.20905,1.00,1.00
2016.11.01 09:00:36.181,1.20888,1.20909,1.00,2.06
2016.11.01 09:00:36.232,1.20886,1.20908,1.87,1.00
2016.11.01 09:00:36.283,1.20886,1.20904,1.12,1.00
2016.11.01 09:00:36.588,1.20891,1.20905,1.69,1.00
2016.11.01 09:00:36.690,1.20891,1.20909,1.69,1.00
2016.11.01 09:00:37.240,1.20889,1.2091,1.69,1.12
2016.11.01 09:00:37.393,1.2089,1.20905,1.00,1.00
2016.11.01 09:00:37.940,1.20888,1.20905,1.50,1.00
2016.11.01 09:00:38.449,1.20887,1.20904,1.69,1.00
2016.11.01 09:00:38.791,1.20885,1.209,1.94,1.00
2016.11.01 09:00:38.996,1.20884,1.20904,2.06,1.00
2016.11.01 09:00:39.403,1.20884,1.20899,1.31,1.00
2016.11.01 09:00:39.658,1.20884,1.209,1.25,1.00
2016.11.01 09:00:40.190,1.20879,1.209,1.94,1.00
2016.11.01 09:00:40.866,1.20881,1.20899,1.56,1.00
2016.11.01 09:00:41.379,1.20881,1.209,1.56,1.50
2016.11.01 09:00:42.090,1.20881,1.209,1.31,1.50
2016.11.01 09:00:42.648,1.20881,1.20899,1.31,1.00
2016.11.01 09:00:43.411,1.20881,1.20894,1.31,1.00
2016.11.01 09:00:43.564,1.20877,1.20895,1.62,1.00
2016.11.01 09:00:43.719,1.20876,1.20894,1.25,1.00
2016.11.01 09:00:43.821,1.20873,1.20889,1.56,1.00
2016.11.01 09:00:43.973,1.20874,1.20895,1.56,2.25
2016.11.01 09:00:44.492,1.20874,1.2089,1.00,1.00
2016.11.01 09:00:44.695,1.20873,1.20894,1.00,1.69
2016.11.01 09:00:44.797,1.20873,1.2089,1.00,1.00
2016.11.01 09:00:45.107,1.20873,1.20893,1.00,1.25
2016.11.01 09:00:45.259,1.20872,1.20891,1.50,1.00
2016.11.01 09:00:45.775,1.20873,1.20893,1.00,1.19
2016.11.01 09:00:46.329,1.20873,1.20893,1.00,1.19
2016.11.01 09:00:47.183,1.20879,1.20895,1.00,1.19
2016.11.01 09:00:47.285,1.20875,1.20896,1.87,1.69
2016.11.01 09:00:47.336,1.20878,1.20896,1.50,1.19
2016.11.01 09:00:47.793,1.20879,1.209,1.75,1.69
2016.11.01 09:00:48.074,1.20876,1.20897,3.37,1.50
2016.11.01 09:00:48.227,1.20872,1.20894,2.25,1.25
2016.11.01 09:00:48.381,1.20878,1.20894,1.00,1.25
2016.11.01 09:00:48.841,1.20878,1.20898,1.12,1.31
2016.11.01 09:00:48.892,1.2088,1.20899,1.00,1.69
2016.11.01 09:00:49.229,1.2088,1.20899,1.50,1.19
2016.11.01 09:00:49.887,1.2088,1.209,1.50,1.19
2016.11.01 09:00:49.938,1.2088,1.20899,1.12,1.19
2016.11.01 09:00:50.367,1.20879,1.20898,1.12,1.19
2016.11.01 09:00:51.438,1.20878,1.20894,1.87,1.00
2016.11.01 09:00:52.021,1.20877,1.20898,1.75,1.19
2016.11.01 09:00:52.651,1.20878,1.20894,1.50,1.00
2016.11.01 09:00:52.720,1.20878,1.20898,1.50,1.19
2016.11.01 09:00:53.452,1.20879,1.20894,1.12,1.00
2016.11.01 09:00:53.554,1.2088,1.20899,1.00,1.19
2016.11.01 09:00:53.724,1.20881,1.20899,1.50,1.00
2016.11.01 09:00:53.838,1.20883,1.20903,1.37,1.00
2016.11.01 09:00:53.990,1.20887,1.20905,1.00,1.25
2016.11.01 09:00:54.295,1.20889,1.20908,1.00,1.19
2016.11.01 09:00:54.854,1.20889,1.20908,1.00,1.25
2016.11.01 09:00:56.199,1.20889,1.2091,1.00,1.69
2016.11.01 09:00:57.101,1.20895,1.20909,1.00,1.19
2016.11.01 09:00:57.204,1.2089,1.20909,1.00,1.69
2016.11.01 09:00:57.711,1.20891,1.20909,1.00,1.19
2016.11.01 09:00:58.117,1.20889,1.20908,1.00,1.19
2016.11.01 09:00:58.619,1.20888,1.20907,1.00,1.56
2016.11.01 09:00:59.167,1.20888,1.20907,1.00,1.56
2016.11.01 09:00:59.820,1.20888,1.20907,1.00,1.56
2016.11.01 09:01:00.508,1.20883,1.20903,2.25,1.00
2016.11.01 09:01:00.560,1.20883,1.20903,1.00,1.37
2016.11.01 09:01:00.713,1.20887,1.20904,1.00,1.75
2016.11.01 09:01:00.920,1.20887,1.20907,1.00,1.62
2016.11.01 09:01:01.224,1.20888,1.20909,1.50,1.31
2016.11.01 09:01:01.538,1.20895,1.20913,1.00,1.19
2016.11.01 09:01:01.905,1.20895,1.20914,1.12,1.19
2016.11.01 09:01:02.312,1.20895,1.20914,1.12,1.00
2016.11.01 09:01:02.825,1.20895,1.20914,1.12,1.56
2016.11.01 09:01:03.446,1.20896,1.20915,1.00,1.56
2016.11.01 09:01:03.854,1.20894,1.20909,1.87,1.00
2016.11.01 09:01:04.847,1.20892,1.2091,1.75,1.00
2016.11.01 09:01:05.188,1.2089,1.20904,1.75,1.00
2016.11.01 09:01:05.239,1.20889,1.20909,1.75,1.00
2016.11.01 09:01:05.341,1.20889,1.20904,1.00,1.00
2016.11.01 09:01:05.892,1.20888,1.20905,1.00,1.00
2016.11.01 09:01:06.395,1.20888,1.20904,1.00,1.00
2016.11.01 09:01:06.700,1.20887,1.209,1.50,1.00
2016.11.01 09:01:06.986,1.20887,1.20904,1.50,1.00
2016.11.01 09:01:07.519,1.20888,1.20904,1.00,1.00
2016.11.01 09:01:08.025,1.20889,1.20905,1.00,1.00
2016.11.01 09:01:08.624,1.20887,1.20905,1.50,1.00
2016.11.01 09:01:09.745,1.20887,1.20904,1.50,1.00
2016.11.01 09:01:11.060,1.20889,1.20904,1.00,1.00
2016.11.01 09:01:11.950,1.20892,1.20909,1.00,1.00
2016.11.01 09:01:12.001,1.20892,1.20909,1.00,1.19
2016.11.01 09:01:12.310,1.2089,1.20904,1.00,1.00
2016.11.01 09:01:12.463,1.20888,1.20904,1.00,1.00
2016.11.01 09:01:12.565,1.20886,1.20904,1.00,1.00
2016.11.01 09:01:12.667,1.20886,1.20899,1.00,1.00
2016.11.01 09:01:13.924,1.20884,1.20899,1.12,1.00
2016.11.01 09:01:14.486,1.20883,1.20904,1.37,1.69
2016.11.01 09:01:15.332,1.20886,1.20904,1.00,1.69
2016.11.01 09:01:15.650,1.20886,1.20899,1.00,1.00
2016.11.01 09:01:15.804,1.20885,1.20904,1.00,1.69
2016.11.01 09:01:18.197,1.20885,1.20905,1.87,1.50
2016.11.01 09:01:18.502,1.20885,1.20899,1.00,1.00
2016.11.01 09:01:18.801,1.20885,1.20904,1.56,1.00
2016.11.01 09:01:19.317,1.20885,1.20905,1.56,1.50
2016.11.01 09:01:19.873,1.20885,1.20904,1.31,1.50
2016.11.01 09:01:20.439,1.20884,1.20903,1.69,1.00
2016.11.01 09:01:20.994,1.20884,1.20903,1.12,1.00
2016.11.01 09:01:21.227,1.20882,1.20901,2.06,1.00
2016.11.01 09:01:22.040,1.20884,1.20903,1.25,1.00
2016.11.01 09:01:22.579,1.20884,1.20903,1.69,1.00
2016.11.01 09:01:24.449,1.20884,1.20903,1.12,1.00
2016.11.01 09:01:27.883,1.20884,1.20902,1.12,1.00
2016.11.01 09:01:28.815,1.20884,1.20902,1.00,1.37
2016.11.01 09:01:28.916,1.20879,1.20899,2.44,1.00
2016.11.01 09:01:29.025,1.20878,1.20896,2.06,1.00
2016.11.01 09:01:29.329,1.20878,1.20894,2.06,1.00
2016.11.01 09:01:29.380,1.20878,1.20896,2.06,1.00
2016.11.01 09:01:30.149,1.20879,1.20896,1.25,1.00
2016.11.01 09:01:30.891,1.20879,1.20895,1.25,1.00
2016.11.01 09:01:30.992,1.20879,1.20898,1.25,1.00
2016.11.01 09:01:31.789,1.20884,1.209,1.00,1.12
2016.11.01 09:01:31.967,1.20885,1.20905,1.94,1.50
2016.11.01 09:01:32.487,1.20887,1.20904,1.25,1.00
2016.11.01 09:01:33.104,1.20886,1.20904,2.06,1.00
2016.11.01 09:01:34.170,1.20887,1.20904,1.69,1.00
2016.11.01 09:01:34.882,1.20887,1.20905,1.69,1.00
2016.11.01 09:01:35.341,1.20887,1.20905,1.69,1.00
2016.11.01 09:01:36.883,1.20887,1.20899,1.69,1.00
2016.11.01 09:01:37.394,1.20886,1.209,1.31,1.00
2016.11.01 09:01:38.117,1.20885,1.20903,1.56,1.00
2016.11.01 09:01:38.320,1.20884,1.20899,2.06,1.00
2016.11.01 09:01:38.371,1.20884,1.20899,1.50,1.00
2016.11.01 09:01:38.422,1.20882,1.20894,3.19,1.00
2016.11.01 09:01:38.524,1.20881,1.20899,1.56,1.50
2016.11.01 09:01:38.727,1.20881,1.20899,1.56,1.50
2016.11.01 09:01:39.248,1.20884,1.20899,2.06,1.00
2016.11.01 09:01:39.956,1.20884,1.20899,2.06,1.00
2016.11.01 09:01:40.007,1.20886,1.20903,1.56,1.00
2016.11.01 09:01:40.542,1.20886,1.20904,1.31,1.00
2016.11.01 09:01:41.447,1.20886,1.20904,1.56,1.00
2016.11.01 09:01:42.034,1.20886,1.20905,1.56,1.50
2016.11.01 09:01:43.135,1.20885,1.20905,1.69,1.50
2016.11.01 09:01:43.746,1.20885,1.20905,2.44,1.50
2016.11.01 09:01:44.345,1.20885,1.20904,2.44,1.00
2016.11.01 09:01:44.856,1.20886,1.20904,1.00,1.00
2016.11.01 09:01:47.318,1.20885,1.20905,2.06,1.50
2016.11.01 09:01:47.861,1.20885,1.20904,1.69,1.00
2016.11.01 09:01:49.048,1.20886,1.20904,1.00,1.50
2016.11.01 09:01:49.669,1.20884,1.20904,2.06,1.50
2016.11.01 09:01:51.079,1.20884,1.20898,1.50,1.00
2016.11.01 09:01:51.130,1.20885,1.20903,1.12,2.62
2016.11.01 09:01:51.182,1.20885,1.20903,1.12,1.00
2016.11.01 09:01:51.233,1.2088,1.20897,1.62,1.00
2016.11.01 09:01:51.284,1.20879,1.20897,1.69,1.00
2016.11.01 09:01:51.386,1.20879,1.20897,1.12,1.00
2016.11.01 09:01:51.539,1.20879,1.20894,1.12,1.00
2016.11.01 09:01:52.257,1.20878,1.20895,1.31,1.00
2016.11.01 09:01:52.764,1.20878,1.20896,2.06,1.00
2016.11.01 09:01:52.815,1.2088,1.20898,1.56,1.00
2016.11.01 09:01:53.339,1.2088,1.20899,1.56,1.00
2016.11.01 09:01:53.908,1.2088,1.209,1.56,1.87
2016.11.01 09:01:54.111,1.2088,1.20895,1.50,1.00
2016.11.01 09:01:54.163,1.20879,1.20895,1.12,1.00
2016.11.01 09:01:54.509,1.20878,1.20897,1.25,1.00
2016.11.01 09:01:54.842,1.20878,1.20894,1.88,1.00
2016.11.01 09:01:54.944,1.20879,1.20899,1.63,1.00
2016.11.01 09:01:55.046,1.20879,1.20894,1.63,1.00
2016.11.01 09:01:55.689,1.2088,1.20894,1.50,1.00
2016.11.01 09:01:55.842,1.20883,1.20899,1.00,1.00
2016.11.01 09:01:55.944,1.20882,1.20899,1.75,1.00
2016.11.01 09:01:56.446,1.20882,1.209,1.75,1.50
2016.11.01 09:01:56.961,1.20882,1.20895,1.00,1.00
2016.11.01 09:01:57.063,1.20882,1.209,1.00,1.50
2016.11.01 09:01:57.331,1.20882,1.20894,1.00,1.00
2016.11.01 09:01:57.433,1.20881,1.20898,2.75,1.00
2016.11.01 09:01:57.535,1.20881,1.20894,2.00,1.50
2016.11.01 09:01:57.790,1.20872,1.2089,2.00,1.50
2016.11.01 09:01:57.841,1.20875,1.20892,1.25,1.00
2016.11.01 09:01:57.943,1.20875,1.20889,1.00,1.00
2016.11.01 09:01:58.214,1.20875,1.20892,1.50,1.00
2016.11.01 09:01:58.874,1.20873,1.20891,1.50,1.00
2016.11.01 09:01:59.395,1.20871,1.2089,2.00,1.00
2016.11.01 09:02:00.120,1.20872,1.20889,1.50,1.00
2016.11.01 09:02:00.274,1.20871,1.20889,1.63,1.00
2016.11.01 09:02:00.517,1.20873,1.2089,4.12,1.00
2016.11.01 09:02:00.670,1.20877,1.20894,1.12,1.00
2016.11.01 09:02:01.557,1.20878,1.20894,1.00,1.00
2016.11.01 09:02:04.786,1.20879,1.20894,1.00,1.00
2016.11.01 09:02:05.590,1.20877,1.20894,1.00,1.00
2016.11.01 09:02:06.097,1.20878,1.20894,1.00,1.00
2016.11.01 09:02:06.608,1.20878,1.20895,1.00,1.31
2016.11.01 09:02:07.266,1.20878,1.20894,1.00,1.00
2016.11.01 09:02:08.468,1.20876,1.20894,1.12,1.00
2016.11.01 09:02:08.795,1.20872,1.20892,1.87,1.00
2016.11.01 09:02:08.897,1.20874,1.20892,1.00,1.00
2016.11.01 09:02:09.272,1.20874,1.20889,1.00,1.00
2016.11.01 09:02:09.893,1.20874,1.2089,1.00,1.00
2016.11.01 09:02:12.732,1.20873,1.2089,1.00,1.00
2016.11.01 09:02:13.291,1.20873,1.20889,1.00,1.00
2016.11.01 09:02:14.197,1.2087,1.20889,2.25,1.00
2016.11.01 09:02:14.401,1.2087,1.20888,1.00,1.00
2016.11.01 09:02:14.452,1.2087,1.20884,1.00,1.00
2016.11.01 09:02:14.655,1.2087,1.20888,1.00,1.00
2016.11.01 09:02:14.706,1.20873,1.20889,1.31,1.00
2016.11.01 09:02:15.239,1.20869,1.20889,2.06,1.50
2016.11.01 09:02:15.544,1.20869,1.20884,2.06,1.00
2016.11.01 09:02:18.068,1.20868,1.20888,2.25,1.00
2016.11.01 09:02:18.169,1.20869,1.20885,1.75,1.00
2016.11.01 09:02:18.322,1.20867,1.20885,1.50,1.00
2016.11.01 09:02:20.168,1.20867,1.20884,1.50,1.00
2016.11.01 09:02:20.675,1.20867,1.20885,1.50,1.50
2016.11.01 09:02:21.951,1.20866,1.20879,1.75,1.00
2016.11.01 09:02:22.073,1.20866,1.20884,1.75,1.00
2016.11.01 09:02:22.252,1.20866,1.2088,1.75,1.00
2016.11.01 09:02:22.753,1.20867,1.20884,1.12,1.00
2016.11.01 09:02:24.108,1.20871,1.20884,1.00,1.00
2016.11.01 09:02:24.362,1.20872,1.20889,1.12,1.00
2016.11.01 09:02:24.616,1.20874,1.20889,1.00,1.00
2016.11.01 09:02:25.745,1.20874,1.20889,1.37,1.00
2016.11.01 09:02:25.796,1.20879,1.20894,1.00,1.12
2016.11.01 09:02:25.898,1.20882,1.209,1.00,3.56
2016.11.01 09:02:25.999,1.20882,1.209,1.87,2.06
2016.11.01 09:02:26.571,1.20882,1.20899,1.50,1.00
2016.11.01 09:02:27.093,1.20883,1.209,1.12,1.00
2016.11.01 09:02:30.089,1.20883,1.20899,1.12,1.00
2016.11.01 09:02:31.106,1.20884,1.20899,1.00,1.00
2016.11.01 09:02:31.629,1.20883,1.209,1.12,1.00
2016.11.01 09:02:31.889,1.20884,1.20904,1.00,1.87
2016.11.01 09:02:33.389,1.20884,1.209,1.00,1.00
2016.11.01 09:02:33.694,1.20888,1.209,1.00,1.00
2016.11.01 09:02:33.999,1.20887,1.20905,1.12,1.00
2016.11.01 09:02:34.119,1.20887,1.209,1.12,1.00
2016.11.01 09:02:34.271,1.20887,1.20904,1.12,1.00
2016.11.01 09:02:35.014,1.20886,1.20899,1.37,1.00
2016.11.01 09:02:35.701,1.20885,1.20903,1.50,1.00
2016.11.01 09:02:35.803,1.20885,1.20899,1.50,1.00
2016.11.01 09:02:36.134,1.20888,1.209,1.62,1.00
2016.11.01 09:02:36.287,1.20888,1.20902,1.62,1.00
2016.11.01 09:02:36.390,1.20887,1.20899,1.75,1.00
2016.11.01 09:02:36.492,1.20888,1.20903,1.62,1.00
2016.11.01 09:02:37.057,1.20888,1.20904,1.62,1.00
2016.11.01 09:02:37.412,1.20891,1.20904,1.00,1.00
2016.11.01 09:02:37.514,1.20888,1.20904,2.62,1.00
2016.11.01 09:02:37.616,1.20891,1.20904,1.00,1.00
2016.11.01 09:02:37.921,1.20891,1.20909,1.00,1.12
2016.11.01 09:02:38.726,1.20891,1.20904,1.00,1.00
2016.11.01 09:02:39.281,1.20889,1.20904,1.69,1.00
2016.11.01 09:02:40.095,1.20889,1.20904,1.69,1.00
2016.11.01 09:02:41.795,1.20888,1.20905,2.81,1.00
2016.11.01 09:02:42.305,1.2089,1.20905,1.00,1.00
2016.11.01 09:02:42.407,1.2089,1.20909,1.00,1.12
2016.11.01 09:02:42.918,1.2089,1.20904,1.00,1.00
2016.11.01 09:02:43.496,1.2089,1.20904,1.56,1.00
2016.11.01 09:02:46.121,1.20889,1.20904,1.69,1.00
2016.11.01 09:02:47.051,1.20891,1.20904,1.00,1.00
2016.11.01 09:02:49.088,1.20891,1.2091,1.00,2.25
2016.11.01 09:02:49.190,1.20891,1.20904,1.00,1.00
2016.11.01 09:02:50.828,1.20892,1.20904,1.00,1.00
2016.11.01 09:02:50.929,1.20892,1.20909,1.00,1.00
2016.11.01 09:02:51.132,1.20895,1.2091,1.00,1.00
2016.11.01 09:02:51.708,1.20895,1.20909,1.00,1.00
2016.11.01 09:02:51.841,1.20892,1.20909,1.00,1.00
2016.11.01 09:02:52.097,1.20891,1.20905,1.00,1.00
2016.11.01 09:02:54.221,1.20891,1.20904,1.00,1.00
2016.11.01 09:02:55.202,1.20891,1.20908,1.00,1.00
2016.11.01 09:02:55.799,1.20891,1.20904,1.00,1.00
2016.11.01 09:02:56.304,1.20891,1.20905,1.00,1.00
2016.11.01 09:02:57.216,1.20891,1.20904,1.00,1.00
2016.11.01 09:02:59.182,1.20888,1.20904,1.50,1.00
2016.11.01 09:02:59.334,1.20887,1.209,1.75,1.00
2016.11.01 09:02:59.839,1.20887,1.20905,1.75,1.50
2016.11.01 09:03:00.347,1.20886,1.20904,1.75,1.50
2016.11.01 09:03:01.612,1.20887,1.20905,1.75,1.50
2016.11.01 09:03:05.155,1.20887,1.20904,1.75,1.00
2016.11.01 09:03:08.797,1.20885,1.20903,2.06,1.00
2016.11.01 09:03:08.950,1.20884,1.20904,1.56,1.87
2016.11.01 09:03:09.018,1.20884,1.20904,1.94,1.50
2016.11.01 09:03:09.172,1.2089,1.20908,1.00,1.00
2016.11.01 09:03:09.274,1.20892,1.2091,1.00,1.87
2016.11.01 09:03:09.579,1.20894,1.2091,1.00,1.00
2016.11.01 09:03:10.096,1.20895,1.2091,1.00,1.00
2016.11.01 09:03:10.206,1.20895,1.20914,1.00,1.00
2016.11.01 09:03:10.668,1.20895,1.20909,1.00,1.00
2016.11.01 09:03:11.147,1.20894,1.20912,1.00,1.00
2016.11.01 09:03:11.198,1.20894,1.20914,1.00,1.50
2016.11.01 09:03:11.451,1.20894,1.20909,1.00,1.00
2016.11.01 09:03:12.441,1.20894,1.20913,1.00,1.00
2016.11.01 09:03:12.987,1.20894,1.20912,1.00,1.00
2016.11.01 09:03:13.039,1.20894,1.20909,1.00,1.00
2016.11.01 09:03:13.580,1.20895,1.20909,1.00,1.00
2016.11.01 09:03:14.233,1.20895,1.2091,1.00,1.00
2016.11.01 09:03:14.284,1.2089,1.20909,2.25,1.00
2016.11.01 09:03:14.477,1.2089,1.20907,1.75,1.00
2016.11.01 09:03:15.309,1.2089,1.20908,1.75,1.00
2016.11.01 09:03:17.175,1.2089,1.20905,1.75,1.00
2016.11.01 09:03:17.435,1.2089,1.20909,2.81,1.00
2016.11.01 09:03:17.945,1.2089,1.2091,2.62,1.50
2016.11.01 09:03:18.844,1.20891,1.20909,1.12,1.00
2016.11.01 09:03:19.047,1.2089,1.20908,1.37,1.00
2016.11.01 09:03:19.589,1.20889,1.20907,1.50,1.00
2016.11.01 09:03:20.091,1.20888,1.20908,2.06,1.00
2016.11.01 09:03:20.244,1.20888,1.20904,1.75,1.00
2016.11.01 09:03:20.583,1.20895,1.20909,1.37,1.00
2016.11.01 09:03:21.846,1.20895,1.20914,1.37,1.00
2016.11.01 09:03:22.252,1.20898,1.20914,1.00,1.00
2016.11.01 09:03:22.444,1.20898,1.20918,1.75,1.50
2016.11.01 09:03:27.019,1.20899,1.20917,1.50,1.00
2016.11.01 09:03:34.749,1.20896,1.2091,2.25,1.00
2016.11.01 09:03:34.850,1.20892,1.2091,2.06,1.00
2016.11.01 09:03:34.952,1.20894,1.20911,1.00,1.00
2016.11.01 09:03:35.054,1.20896,1.20915,1.00,1.75
2016.11.01 09:03:35.105,1.20896,1.20915,1.87,1.37
2016.11.01 09:03:35.655,1.20896,1.20915,1.87,1.00
2016.11.01 09:03:35.756,1.20897,1.20917,1.00,1.12
2016.11.01 09:03:43.198,1.20897,1.20915,1.00,1.00
2016.11.01 09:03:43.739,1.20897,1.20917,1.00,1.12
2016.11.01 09:03:45.219,1.20897,1.20917,1.37,1.00
2016.11.01 09:03:46.289,1.20901,1.20917,1.00,1.00
2016.11.01 09:03:46.796,1.20901,1.20918,1.00,1.00
2016.11.01 09:03:47.319,1.20901,1.20918,1.37,1.00
2016.11.01 09:03:48.380,1.209,1.20917,1.37,1.00
2016.11.01 09:03:51.865,1.209,1.20916,1.00,1.00
2016.11.01 09:03:52.096,1.20898,1.20917,1.00,1.00
2016.11.01 09:03:52.147,1.20897,1.20913,1.00,1.00
2016.11.01 09:03:52.416,1.20896,1.20915,1.50,1.50
2016.11.01 09:03:52.771,1.20898,1.20915,1.31,1.00
2016.11.01 09:03:53.109,1.209,1.20917,1.00,1.00
2016.11.01 09:03:53.643,1.209,1.20918,1.50,1.00
2016.11.01 09:03:54.387,1.209,1.20919,1.50,1.00
2016.11.01 09:03:54.851,1.20902,1.20922,1.37,1.12
2016.11.01 09:03:55.090,1.20906,1.20927,1.50,1.87
2016.11.01 09:03:55.141,1.20906,1.20927,1.87,1.50
2016.11.01 09:03:55.497,1.20905,1.20924,1.75,1.50
2016.11.01 09:03:55.609,1.20905,1.20922,1.00,1.00
2016.11.01 09:03:55.761,1.20902,1.20922,2.00,1.00
2016.11.01 09:03:55.889,1.20905,1.20921,1.00,1.00
2016.11.01 09:03:56.396,1.20905,1.20922,1.00,1.00
2016.11.01 09:03:57.476,1.20905,1.20923,1.00,1.87
2016.11.01 09:03:58.782,1.20905,1.20922,1.00,1.00
2016.11.01 09:03:59.288,1.20906,1.20922,1.00,1.00
2016.11.01 09:04:00.162,1.20906,1.2092,1.00,1.00
2016.11.01 09:04:00.396,1.20906,1.20922,1.12,1.00
2016.11.01 09:04:01.399,1.20906,1.20921,1.00,1.00
2016.11.01 09:04:02.470,1.20906,1.20922,1.00,1.00
2016.11.01 09:04:03.468,1.20906,1.20924,1.00,1.50
2016.11.01 09:04:05.006,1.20906,1.20923,1.00,1.00
2016.11.01 09:04:05.209,1.20906,1.20921,1.00,1.00
2016.11.01 09:04:05.311,1.20901,1.20921,1.75,1.00
2016.11.01 09:04:05.413,1.20901,1.20919,1.37,1.00
2016.11.01 09:04:05.562,1.20901,1.20917,1.12,1.00
2016.11.01 09:04:06.096,1.209,1.20917,1.00,1.00
2016.11.01 09:04:06.916,1.20901,1.20917,1.00,1.00
2016.11.01 09:04:07.018,1.20896,1.20913,1.50,1.00
2016.11.01 09:04:07.171,1.20895,1.20912,1.13,1.00
2016.11.01 09:04:07.324,1.20901,1.20917,1.00,1.37
2016.11.01 09:04:07.375,1.20901,1.20917,1.00,1.00
2016.11.01 09:04:07.477,1.209,1.2092,1.50,1.12
2016.11.01 09:04:07.619,1.209,1.2092,2.25,1.00
2016.11.01 09:04:08.678,1.20901,1.20921,1.37,1.00
2016.11.01 09:04:09.186,1.209,1.20918,1.50,1.00
2016.11.01 09:04:09.753,1.209,1.20919,1.50,1.00
2016.11.01 09:04:10.424,1.20901,1.2092,1.37,1.50
2016.11.01 09:04:12.692,1.20901,1.20918,1.37,1.00
2016.11.01 09:04:14.910,1.20896,1.20914,3.00,1.00
2016.11.01 09:04:15.012,1.20896,1.20913,1.12,1.50
2016.11.01 09:04:15.316,1.20896,1.20913,1.75,1.00
2016.11.01 09:04:15.889,1.20897,1.20915,1.50,1.00
2016.11.01 09:04:16.215,1.209,1.20915,1.00,1.00
2016.11.01 09:04:17.045,1.20897,1.20915,1.50,1.00
2016.11.01 09:04:17.784,1.20896,1.20914,2.25,1.00
2016.11.01 09:04:20.387,1.20896,1.20914,2.25,1.00
2016.11.01 09:04:20.933,1.20896,1.20913,1.12,1.00
2016.11.01 09:04:21.085,1.20896,1.20915,1.12,1.00
2016.11.01 09:04:28.767,1.209,1.20915,1.00,1.00
2016.11.01 09:04:28.971,1.20895,1.20914,2.25,1.00
2016.11.01 09:04:35.960,1.20896,1.20915,1.50,1.00
2016.11.01 09:04:37.078,1.209,1.20915,1.00,1.00
2016.11.01 09:04:38.744,1.209,1.20916,1.00,1.00
2016.11.01 09:04:39.957,1.20896,1.20916,1.50,1.00
2016.11.01 09:04:40.572,1.20901,1.20916,1.00,1.00
2016.11.01 09:04:41.351,1.20896,1.20916,1.50,1.00
2016.11.01 09:04:43.668,1.20896,1.20915,1.50,1.00
2016.11.01 09:04:45.053,1.20895,1.20914,1.75,1.00
2016.11.01 09:04:45.155,1.20891,1.20909,3.75,1.00
2016.11.01 09:04:45.359,1.20893,1.20912,1.00,1.31
2016.11.01 09:04:45.562,1.20894,1.20912,1.00,3.00
2016.11.01 09:04:45.705,1.20894,1.20914,1.00,2.81
2016.11.01 09:04:46.076,1.20887,1.20907,1.87,1.00
2016.11.01 09:04:46.178,1.20893,1.20911,1.00,1.12
2016.11.01 09:04:46.230,1.20893,1.2091,1.00,3.37
2016.11.01 09:04:46.282,1.20887,1.20905,1.12,1.31
2016.11.01 09:04:46.384,1.20885,1.20903,1.50,1.00
2016.11.01 09:04:46.962,1.20885,1.20903,1.00,1.56
2016.11.01 09:04:47.347,1.20884,1.20902,1.12,1.56
2016.11.01 09:04:47.550,1.20883,1.20901,1.37,1.00
2016.11.01 09:04:48.587,1.20886,1.20901,1.00,1.31
2016.11.01 09:04:49.132,1.20886,1.20901,1.00,1.56
2016.11.01 09:04:49.183,1.20883,1.20901,1.37,1.56
2016.11.01 09:04:50.077,1.20883,1.20901,1.37,1.56
2016.11.01 09:04:50.132,1.20883,1.20901,1.37,1.00
2016.11.01 09:04:50.335,1.20885,1.20901,1.00,1.56
2016.11.01 09:04:50.682,1.20885,1.20901,1.00,1.31
2016.11.01 09:04:51.230,1.20885,1.20901,1.00,1.56
2016.11.01 09:04:52.510,1.20883,1.20901,1.37,1.56
2016.11.01 09:04:53.070,1.20884,1.20902,1.12,1.31
2016.11.01 09:04:55.246,1.20882,1.20903,1.50,1.56
2016.11.01 09:04:55.297,1.20882,1.20903,1.00,2.06
2016.11.01 09:04:55.399,1.20885,1.20901,1.00,1.31
2016.11.01 09:04:56.754,1.20885,1.20902,1.00,1.31
2016.11.01 09:04:57.305,1.20885,1.20901,1.00,1.00
2016.11.01 09:04:57.848,1.20885,1.20901,1.00,1.56
2016.11.01 09:04:58.307,1.20883,1.20901,1.00,1.00
2016.11.01 09:04:58.826,1.20882,1.20902,1.00,1.31
2016.11.01 09:04:58.878,1.20886,1.20902,1.00,1.31
2016.11.01 09:04:59.419,1.20882,1.20902,1.00,1.00
2016.11.01 09:04:59.925,1.20883,1.20901,1.00,1.00
2016.11.01 09:04:59.976,1.20886,1.20901,1.00,1.00
2016.11.01 09:05:00.078,1.20883,1.20901,1.00,1.00
2016.11.01 09:05:00.180,1.20886,1.20901,1.00,1.00
2016.11.01 09:05:00.232,1.20886,1.20903,1.00,1.50
2016.11.01 09:05:00.778,1.20886,1.20904,1.00,1.00
2016.11.01 09:05:01.134,1.20884,1.20902,1.00,1.00
2016.11.01 09:05:01.650,1.20885,1.20903,1.00,1.00
2016.11.01 09:05:02.160,1.20886,1.20903,1.00,1.00
2016.11.01 09:05:02.784,1.20883,1.20903,1.00,1.00
2016.11.01 09:05:02.937,1.20883,1.20901,1.00,1.00
2016.11.01 09:05:03.521,1.20883,1.20901,1.00,1.37
2016.11.01 09:05:04.028,1.20883,1.20901,1.00,1.00
2016.11.01 09:05:05.208,1.20882,1.20903,1.12,1.12
2016.11.01 09:05:05.818,1.20882,1.20901,1.12,1.87
2016.11.01 09:05:06.122,1.20876,1.20894,1.87,1.00
2016.11.01 09:05:06.346,1.20874,1.20893,1.17,1.00
2016.11.01 09:05:07.308,1.20875,1.20893,1.00,1.00
2016.11.01 09:05:07.800,1.20875,1.20895,1.00,1.87
2016.11.01 09:05:08.330,1.20878,1.20898,1.00,2.25
2016.11.01 09:05:08.671,1.20884,1.20899,1.00,1.00
2016.11.01 09:05:08.722,1.20884,1.20902,1.00,1.00
2016.11.01 09:05:09.450,1.20885,1.20903,1.00,1.00
2016.11.01 09:05:09.971,1.20885,1.20904,1.00,1.50
2016.11.01 09:05:10.073,1.20886,1.20904,2.00,1.00
2016.11.01 09:05:10.124,1.20888,1.20907,1.50,1.12
2016.11.01 09:05:10.428,1.20891,1.2091,1.00,1.12
2016.11.01 09:05:10.947,1.20889,1.2091,2.75,1.00
2016.11.01 09:05:11.149,1.2089,1.2091,1.17,1.00
2016.11.01 09:05:11.403,1.20895,1.2091,1.00,1.00
2016.11.01 09:05:11.454,1.20895,1.20914,2.25,2.00
2016.11.01 09:05:11.505,1.20897,1.20912,1.00,1.00
2016.11.01 09:05:11.607,1.20891,1.2091,3.00,1.00
2016.11.01 09:05:11.708,1.2089,1.20908,1.75,1.00
2016.11.01 09:05:11.865,1.2089,1.20908,1.88,1.00
2016.11.01 09:05:12.327,1.2089,1.20911,3.13,1.00
2016.11.01 09:05:12.733,1.20891,1.20909,1.63,1.00
2016.11.01 09:05:12.924,1.20892,1.20913,2.00,1.00
2016.11.01 09:05:13.027,1.20895,1.20913,1.75,1.00
2016.11.01 09:05:13.535,1.20893,1.20912,1.50,1.00
2016.11.01 09:05:14.075,1.20893,1.20914,1.50,2.62
2016.11.01 09:05:14.126,1.20896,1.20914,1.00,1.87
2016.11.01 09:05:14.431,1.20896,1.20914,2.25,1.37
2016.11.01 09:05:14.990,1.20896,1.20914,2.25,1.00
2016.11.01 09:05:15.301,1.20893,1.20911,1.25,1.00
2016.11.01 09:05:15.353,1.20893,1.20911,1.54,1.00
2016.11.01 09:05:15.403,1.20893,1.20909,1.54,1.00
2016.11.01 09:05:18.120,1.20893,1.20912,1.50,1.00
2016.11.01 09:05:18.649,1.20893,1.20912,2.00,1.00
2016.11.01 09:05:18.939,1.20893,1.20909,1.25,1.00
2016.11.01 09:05:19.024,1.2089,1.20909,2.00,1.00
2016.11.01 09:05:19.177,1.2089,1.20909,2.00,1.00
2016.11.01 09:05:19.771,1.2089,1.2091,2.00,1.00
2016.11.01 09:05:19.924,1.2089,1.20908,1.25,1.00
2016.11.01 09:05:20.747,1.20891,1.20908,1.00,1.00
2016.11.01 09:05:21.222,1.20892,1.2091,2.38,1.00
2016.11.01 09:05:21.735,1.20895,1.2091,1.00,1.00
2016.11.01 09:05:22.282,1.20892,1.20911,1.50,1.00
2016.11.01 09:05:25.452,1.20892,1.20911,1.56,1.00
2016.11.01 09:05:25.503,1.20892,1.20911,1.31,1.00
2016.11.01 09:05:25.555,1.20892,1.20907,1.31,1.00
2016.11.01 09:05:25.863,1.20892,1.20909,1.31,1.00
2016.11.01 09:05:26.167,1.20893,1.2091,3.37,1.00
2016.11.01 09:05:26.341,1.20896,1.20913,1.56,1.00
2016.11.01 09:05:26.445,1.20896,1.20913,2.06,1.00
2016.11.01 09:05:26.547,1.20896,1.20915,2.81,1.50
2016.11.01 09:05:26.853,1.20896,1.20913,2.81,1.00
2016.11.01 09:05:27.058,1.20896,1.20916,2.25,1.00
2016.11.01 09:05:29.365,1.20897,1.20914,1.31,1.00
2016.11.01 09:05:29.467,1.20897,1.20916,1.31,1.00
2016.11.01 09:05:30.000,1.20897,1.20917,1.31,1.00
2016.11.01 09:05:30.522,1.20896,1.20916,1.75,1.00
2016.11.01 09:05:30.573,1.20896,1.20913,1.75,1.00
2016.11.01 09:05:31.766,1.20896,1.20915,1.75,1.00
2016.11.01 09:05:32.833,1.20901,1.20915,1.00,1.00
2016.11.01 09:05:33.036,1.20897,1.20915,1.50,1.00
2016.11.01 09:05:33.087,1.20896,1.20913,1.75,1.00
2016.11.01 09:05:33.962,1.20896,1.20915,1.75,1.00
2016.11.01 09:05:34.966,1.20896,1.20914,2.25,1.00
2016.11.01 09:05:35.586,1.20896,1.20913,1.75,1.00
2016.11.01 09:05:36.101,1.20897,1.20914,1.62,1.00
2016.11.01 09:05:36.635,1.20897,1.20915,1.62,1.00
2016.11.01 09:05:37.010,1.20896,1.20913,2.25,1.00
2016.11.01 09:05:40.198,1.20896,1.20914,1.75,1.00
2016.11.01 09:05:41.275,1.20896,1.20913,1.75,1.00
2016.11.01 09:05:43.639,1.20897,1.20908,1.00,1.00
2016.11.01 09:05:43.792,1.20895,1.20908,1.00,1.00
2016.11.01 09:05:44.285,1.2089,1.20908,1.00,1.50
2016.11.01 09:05:44.387,1.2089,1.20904,1.00,1.00
2016.11.01 09:05:44.590,1.2089,1.20906,1.00,1.00
2016.11.01 09:05:44.997,1.20885,1.20905,1.75,1.00
2016.11.01 09:05:46.262,1.20885,1.20903,1.75,1.00
2016.11.01 09:05:46.517,1.20885,1.20905,2.25,1.00
2016.11.01 09:05:46.568,1.20891,1.20905,1.00,1.00
2016.11.01 09:05:46.721,1.20891,1.20908,1.50,1.00
2016.11.01 09:05:47.361,1.20891,1.20909,1.50,1.00
2016.11.01 09:05:47.412,1.20891,1.20907,1.50,1.00
2016.11.01 09:05:47.922,1.20891,1.20908,2.06,1.00
2016.11.01 09:05:48.098,1.20891,1.2091,1.50,1.00
2016.11.01 09:05:48.301,1.20888,1.20906,1.31,1.00
2016.11.01 09:05:48.404,1.20891,1.20909,1.00,1.00
2016.11.01 09:05:48.924,1.20891,1.2091,1.37,1.00
2016.11.01 09:05:49.537,1.20891,1.20909,1.37,1.00
2016.11.01 09:05:50.016,1.20891,1.20911,1.94,1.00
2016.11.01 09:05:50.067,1.20896,1.20911,1.00,1.00
2016.11.01 09:05:51.476,1.20891,1.20911,2.06,1.00
2016.11.01 09:05:51.832,1.20891,1.20909,2.25,1.00
2016.11.01 09:05:52.905,1.20891,1.2091,2.25,1.00
2016.11.01 09:05:53.629,1.20891,1.20908,1.50,1.00
2016.11.01 09:05:53.730,1.20891,1.20906,1.50,1.19
2016.11.01 09:05:53.832,1.2089,1.20907,1.00,1.19
2016.11.01 09:05:54.699,1.20891,1.20907,1.00,1.00
2016.11.01 09:05:54.801,1.20891,1.20909,1.00,1.12
2016.11.01 09:05:54.953,1.20891,1.20913,1.50,2.69
2016.11.01 09:05:55.398,1.20889,1.2091,2.25,1.00
2016.11.01 09:05:57.295,1.20889,1.20911,2.25,1.00
2016.11.01 09:05:57.817,1.20891,1.20911,1.12,1.00
2016.11.01 09:05:58.154,1.20887,1.2091,1.50,1.44
2016.11.01 09:05:58.459,1.20891,1.2091,1.00,1.44
2016.11.01 09:05:58.561,1.20891,1.20911,1.00,1.56
2016.11.01 09:05:59.097,1.20891,1.20911,1.00,1.56
2016.11.01 09:05:59.626,1.20891,1.20911,1.00,1.56
2016.11.01 09:06:00.174,1.2089,1.20911,1.00,1.12
2016.11.01 09:06:01.130,1.2089,1.20909,1.50,1.00
2016.11.01 09:06:01.233,1.2089,1.20912,1.00,1.87
2016.11.01 09:06:02.904,1.2089,1.2091,1.00,1.00
2016.11.01 09:06:03.624,1.2089,1.20909,1.00,1.00
2016.11.01 09:06:05.326,1.20891,1.20909,1.00,1.00
2016.11.01 09:06:06.280,1.2089,1.20909,1.50,1.00
2016.11.01 09:06:08.296,1.20891,1.20909,1.00,1.00
2016.11.01 09:06:09.251,1.20893,1.2091,1.00,1.00
2016.11.01 09:06:09.558,1.20901,1.20919,1.00,1.12
2016.11.01 09:06:10.063,1.209,1.2092,1.50,1.87
2016.11.01 09:06:10.634,1.20901,1.2092,1.00,1.87
2016.11.01 09:06:11.313,1.20901,1.2092,1.00,1.00
2016.11.01 09:06:11.465,1.20904,1.2092,1.00,1.50
2016.11.01 09:06:11.567,1.20904,1.20923,1.00,1.44
2016.11.01 09:06:11.669,1.20905,1.20926,1.50,1.56
2016.11.01 09:06:12.194,1.20906,1.20926,1.87,1.00
2016.11.01 09:06:12.449,1.20906,1.20924,1.87,1.00
2016.11.01 09:06:12.965,1.20906,1.20925,1.12,1.00
2016.11.01 09:06:13.475,1.20907,1.20926,1.00,1.00
2016.11.01 09:06:14.009,1.20906,1.20925,1.12,1.00
2016.11.01 09:06:14.318,1.20906,1.20923,1.12,1.00
2016.11.01 09:06:14.824,1.20905,1.20923,1.00,1.00
2016.11.01 09:06:15.381,1.20905,1.20924,1.87,1.00
2016.11.01 09:06:16.651,1.20906,1.20924,1.00,1.50
2016.11.01 09:06:18.024,1.20906,1.20918,1.00,1.00
2016.11.01 09:06:18.480,1.20906,1.20912,1.00,1.00
2016.11.01 09:06:18.531,1.20901,1.20916,1.12,1.00
2016.11.01 09:06:18.613,1.20901,1.20912,1.12,1.00
2016.11.01 09:06:18.817,1.209,1.20914,1.00,1.00
2016.11.01 09:06:18.868,1.209,1.20906,1.00,1.00
2016.11.01 09:06:18.919,1.20895,1.20908,1.12,1.00
2016.11.01 09:06:19.436,1.20896,1.2091,1.00,1.00
2016.11.01 09:06:19.538,1.209,1.20911,1.00,1.00
2016.11.01 09:06:20.433,1.209,1.20912,1.00,1.00
2016.11.01 09:06:20.535,1.209,1.20918,1.00,1.19
2016.11.01 09:06:20.645,1.20896,1.2091,3.75,1.00
2016.11.01 09:06:20.798,1.20896,1.2091,1.00,1.00
2016.11.01 09:06:20.849,1.20892,1.2091,1.00,1.44
2016.11.01 09:06:20.900,1.20891,1.209,1.00,1.00
2016.11.01 09:06:21.002,1.20884,1.20898,1.75,1.00
2016.11.01 09:06:21.054,1.20884,1.20896,1.75,1.00
2016.11.01 09:06:21.207,1.20881,1.20894,1.00,1.00
2016.11.01 09:06:21.721,1.20881,1.20893,1.50,1.00
2016.11.01 09:06:21.772,1.20881,1.20899,1.50,1.50
2016.11.01 09:06:21.975,1.20878,1.20893,2.06,1.00
2016.11.01 09:06:22.027,1.20878,1.20895,2.06,1.00
2016.11.01 09:06:22.234,1.20878,1.20899,1.94,1.50
2016.11.01 09:06:22.426,1.20881,1.20894,1.00,1.00
2016.11.01 09:06:23.026,1.20879,1.20895,1.69,1.00
2016.11.01 09:06:23.417,1.2088,1.20893,1.31,1.00
2016.11.01 09:06:23.519,1.20878,1.20897,3.37,1.50
2016.11.01 09:06:23.621,1.2088,1.20892,1.00,1.00
2016.11.01 09:06:23.723,1.20875,1.20891,1.00,1.00
2016.11.01 09:06:24.254,1.20875,1.2089,1.00,1.00
2016.11.01 09:06:24.794,1.20876,1.20891,1.00,1.00
2016.11.01 09:06:24.911,1.20871,1.20891,1.00,1.00
2016.11.01 09:06:25.609,1.20876,1.20891,1.00,1.00
2016.11.01 09:06:25.912,1.20871,1.20891,1.00,1.50
2016.11.01 09:06:26.151,1.20875,1.20891,1.00,1.50
2016.11.01 09:06:27.100,1.20875,1.2089,1.00,1.00
2016.11.01 09:06:28.403,1.20875,1.20891,1.00,1.00
2016.11.01 09:06:28.926,1.20871,1.20891,1.00,1.00
2016.11.01 09:06:29.028,1.20872,1.20891,1.75,1.00
2016.11.01 09:06:29.207,1.20872,1.20893,1.75,1.00
2016.11.01 09:06:29.534,1.20876,1.20893,1.00,1.00
2016.11.01 09:06:30.000,1.20876,1.20891,1.00,1.00
2016.11.01 09:06:30.845,1.20872,1.20891,1.75,1.00
2016.11.01 09:06:31.149,1.20876,1.20891,1.00,1.00
2016.11.01 09:06:31.251,1.20871,1.20891,1.75,1.00
2016.11.01 09:06:31.619,1.20876,1.20891,1.00,1.00
2016.11.01 09:06:32.835,1.20876,1.20892,1.00,1.50
2016.11.01 09:06:33.652,1.20876,1.2089,1.00,1.00
2016.11.01 09:06:33.832,1.20871,1.2089,2.25,1.00
2016.11.01 09:06:35.863,1.20876,1.2089,1.00,1.00
2016.11.01 09:06:36.059,1.20871,1.20891,2.00,1.00
2016.11.01 09:06:36.211,1.20871,1.2089,1.69,1.00
2016.11.01 09:06:36.262,1.20876,1.2089,1.00,1.00
2016.11.01 09:06:38.860,1.2087,1.20888,2.00,1.00
2016.11.01 09:06:38.962,1.2087,1.20885,1.00,1.50
2016.11.01 09:06:39.321,1.20865,1.20882,1.00,1.00
2016.11.01 09:06:39.423,1.20866,1.20885,1.75,1.00
2016.11.01 09:06:39.931,1.20867,1.20886,1.50,1.50
2016.11.01 09:06:40.296,1.20865,1.20884,3.19,1.00
2016.11.01 09:06:40.761,1.20865,1.20884,1.12,1.50
2016.11.01 09:06:41.223,1.20865,1.20882,1.12,1.00
2016.11.01 09:06:41.527,1.20855,1.20873,1.00,1.50
2016.11.01 09:06:41.829,1.20856,1.2087,1.00,1.00
2016.11.01 09:06:42.337,1.20851,1.2087,1.37,1.00
2016.11.01 09:06:42.871,1.20851,1.20871,1.87,1.00
2016.11.01 09:06:43.399,1.20851,1.20871,2.06,1.00
2016.11.01 09:06:43.905,1.20852,1.20871,1.44,1.87
2016.11.01 09:06:44.417,1.20852,1.2087,1.87,1.00
2016.11.01 09:06:44.723,1.20855,1.20874,1.69,1.75
2016.11.01 09:06:44.876,1.20856,1.20876,1.12,1.12
2016.11.01 09:06:44.978,1.20853,1.20872,1.69,1.50
2016.11.01 09:06:45.109,1.20851,1.2087,1.25,1.00
2016.11.01 09:06:45.939,1.2085,1.20869,1.69,1.00
2016.11.01 09:06:46.823,1.2085,1.20869,1.50,1.00
2016.11.01 09:06:47.768,1.20851,1.20869,1.00,1.00
2016.11.01 09:06:48.279,1.20851,1.2087,1.69,1.00
2016.11.01 09:06:50.148,1.20851,1.20869,1.69,1.00
2016.11.01 09:06:51.670,1.20855,1.20872,1.00,1.00
2016.11.01 09:06:51.975,1.20859,1.20877,1.00,1.75
2016.11.01 09:06:52.483,1.20858,1.20875,1.25,1.50
2016.11.01 09:06:53.105,1.20856,1.20876,1.25,1.75
2016.11.01 09:06:53.649,1.20856,1.20876,1.19,1.75
2016.11.01 09:06:54.063,1.20856,1.20876,1.69,1.00
2016.11.01 09:06:54.451,1.20856,1.20874,1.19,1.00
2016.11.01 09:06:54.755,1.20859,1.20876,1.25,1.00
2016.11.01 09:06:55.555,1.20858,1.20878,2.06,1.50
2016.11.01 09:06:56.106,1.20858,1.20878,1.31,1.00
2016.11.01 09:06:56.674,1.20858,1.20875,1.31,1.00
2016.11.01 09:06:56.865,1.20858,1.20878,1.31,1.00
2016.11.01 09:06:57.270,1.20857,1.20875,1.69,1.00
2016.11.01 09:06:57.321,1.20857,1.20875,1.12,1.00
2016.11.01 09:06:57.372,1.20855,1.20869,1.00,1.00
2016.11.01 09:06:57.474,1.2085,1.20869,1.69,1.00
2016.11.01 09:06:57.525,1.2085,1.20869,1.56,1.00
2016.11.01 09:06:58.097,1.20849,1.20868,1.69,1.00
2016.11.01 09:06:58.483,1.20849,1.20866,2.44,1.00
2016.11.01 09:06:58.587,1.20849,1.20866,2.44,1.00
2016.11.01 09:06:59.128,1.2085,1.20867,1.00,1.00
2016.11.01 09:06:59.769,1.2085,1.20868,1.00,1.00
2016.11.01 09:07:00.401,1.2085,1.20868,1.00,1.50
2016.11.01 09:07:02.602,1.20851,1.20869,1.00,1.25
2016.11.01 09:07:02.810,1.20853,1.2087,1.00,1.25
2016.11.01 09:07:02.912,1.20849,1.20869,2.25,1.50
2016.11.01 09:07:03.166,1.20848,1.20864,1.00,1.00
2016.11.01 09:07:04.409,1.20848,1.20866,1.00,1.50
2016.11.01 09:07:04.930,1.20849,1.20867,1.00,1.50
2016.11.01 09:07:04.994,1.20849,1.20867,1.00,1.00
2016.11.01 09:07:06.800,1.2085,1.20867,1.00,1.00
2016.11.01 09:07:08.030,1.20848,1.20868,1.00,1.00
2016.11.01 09:07:10.184,1.20846,1.20864,2.06,1.00
2016.11.01 09:07:11.611,1.20845,1.20863,1.00,1.00
2016.11.01 09:07:13.392,1.20844,1.20864,1.87,1.00
2016.11.01 09:07:13.694,1.20843,1.20862,1.56,1.12
2016.11.01 09:07:13.998,1.20845,1.20864,1.50,1.50
2016.11.01 09:07:14.505,1.20846,1.20863,1.00,1.00
2016.11.01 09:07:15.106,1.20845,1.20864,1.00,1.50
2016.11.01 09:07:15.606,1.20848,1.20865,1.00,1.00
2016.11.01 09:07:15.709,1.20848,1.20868,1.00,1.12
2016.11.01 09:07:16.036,1.2085,1.20868,1.00,1.12
2016.11.01 09:07:16.720,1.20849,1.20867,1.00,1.00
2016.11.01 09:07:17.262,1.2085,1.20869,1.00,1.50
2016.11.01 09:07:17.776,1.20849,1.20867,1.00,1.00
2016.11.01 09:07:18.297,1.20848,1.20866,2.25,1.00
2016.11.01 09:07:18.998,1.20849,1.20867,1.87,1.00
2016.11.01 09:07:19.505,1.2085,1.20867,1.00,1.00
2016.11.01 09:07:20.044,1.2085,1.20868,1.00,1.00
2016.11.01 09:07:20.816,1.2085,1.20867,1.00,1.00
2016.11.01 09:07:20.918,1.2085,1.20869,1.00,1.00
2016.11.01 09:07:21.820,1.20849,1.20869,1.12,1.00
2016.11.01 09:07:23.248,1.20851,1.20869,1.00,1.00
2016.11.01 09:07:30.043,1.2085,1.20868,1.00,1.00
2016.11.01 09:07:32.128,1.20851,1.20869,1.00,1.50
2016.11.01 09:07:32.752,1.20852,1.20869,1.00,1.50
2016.11.01 09:07:33.260,1.20854,1.20869,1.00,1.00
2016.11.01 09:07:34.257,1.20853,1.20872,1.56,1.00
2016.11.01 09:07:34.559,1.20853,1.20869,1.56,1.00
2016.11.01 09:07:35.113,1.20853,1.20869,1.31,1.00
2016.11.01 09:07:35.215,1.20853,1.20872,1.31,1.00
2016.11.01 09:07:35.316,1.20853,1.2087,1.31,1.00
2016.11.01 09:07:35.842,1.20855,1.20872,1.00,1.00
2016.11.01 09:07:36.540,1.20853,1.20869,1.00,1.00
2016.11.01 09:07:36.760,1.20853,1.20871,1.00,1.00
2016.11.01 09:07:36.861,1.20854,1.20873,1.87,1.12
2016.11.01 09:07:37.166,1.20855,1.20873,1.56,1.12
2016.11.01 09:07:37.267,1.20855,1.20873,1.87,1.12
2016.11.01 09:07:37.468,1.20859,1.20877,1.31,1.50
2016.11.01 09:07:37.519,1.20862,1.20877,1.00,1.50
2016.11.01 09:07:37.621,1.20859,1.20877,1.56,1.50
2016.11.01 09:07:38.128,1.20859,1.20877,1.00,1.00
2016.11.01 09:07:38.960,1.20858,1.20878,2.06,1.00
2016.11.01 09:07:40.681,1.20858,1.20876,1.50,1.00
2016.11.01 09:07:40.986,1.20852,1.20871,2.06,1.00
2016.11.01 09:07:41.088,1.20852,1.20871,1.31,1.12
2016.11.01 09:07:41.249,1.20852,1.20869,1.31,1.00
2016.11.01 09:07:41.353,1.20852,1.20871,1.56,1.00
2016.11.01 09:07:41.556,1.20851,1.20869,1.69,1.50
2016.11.01 09:07:41.809,1.20855,1.20873,1.56,1.12
2016.11.01 09:07:41.861,1.20855,1.20873,2.06,1.12
2016.11.01 09:07:42.380,1.20853,1.20871,2.06,1.00
2016.11.01 09:07:42.830,1.20853,1.20869,1.56,1.00
2016.11.01 09:07:43.373,1.20853,1.2087,1.56,1.00
2016.11.01 09:07:44.073,1.20853,1.2087,2.25,1.00
2016.11.01 09:07:45.060,1.20853,1.2087,1.56,1.00
2016.11.01 09:07:47.070,1.20853,1.2087,1.56,1.00
2016.11.01 09:07:47.572,1.20853,1.20871,1.56,1.00
2016.11.01 09:07:50.451,1.20853,1.20869,1.56,1.00
2016.11.01 09:07:50.631,1.20853,1.20871,1.56,1.00
2016.11.01 09:07:51.079,1.20854,1.20872,1.31,1.00
2016.11.01 09:07:51.248,1.20852,1.20872,1.00,1.00
2016.11.01 09:07:51.349,1.20852,1.20872,1.56,1.00
2016.11.01 09:07:51.715,1.20852,1.20869,1.56,1.00
2016.11.01 09:07:52.072,1.20853,1.20869,1.81,1.00
2016.11.01 09:07:52.795,1.20854,1.20871,1.56,1.00
2016.11.01 09:07:53.099,1.20855,1.20872,1.31,1.00
2016.11.01 09:07:54.402,1.20855,1.20875,1.31,2.25
2016.11.01 09:07:54.504,1.20857,1.20875,1.00,2.25
2016.11.01 09:07:54.599,1.20857,1.20875,1.00,1.50
2016.11.01 09:07:55.465,1.2086,1.20875,1.12,1.00
2016.11.01 09:07:55.516,1.20862,1.2088,1.56,1.00
2016.11.01 09:07:55.727,1.20864,1.20884,1.00,1.87
2016.11.01 09:07:56.234,1.20864,1.20884,1.31,1.50
2016.11.01 09:07:58.215,1.20866,1.20884,1.00,1.00
2016.11.01 09:08:01.226,1.20867,1.20885,1.00,1.00
2016.11.01 09:08:01.429,1.20868,1.20888,1.87,1.00
2016.11.01 09:08:01.532,1.2087,1.20888,1.00,1.00
2016.11.01 09:08:02.298,1.20868,1.20888,1.87,1.00
2016.11.01 09:08:04.790,1.20867,1.20884,2.25,1.00
2016.11.01 09:08:05.044,1.20863,1.20881,1.37,1.00
2016.11.01 09:08:06.507,1.20861,1.2088,3.94,1.00
2016.11.01 09:08:08.126,1.20861,1.20879,2.25,1.00
2016.11.01 09:08:13.866,1.2086,1.20878,1.31,1.00
2016.11.01 09:08:13.968,1.20858,1.20878,1.37,1.00
2016.11.01 09:08:16.857,1.20859,1.20876,1.12,1.00
2016.11.01 09:08:16.958,1.20858,1.20878,1.37,1.00
2016.11.01 09:08:17.009,1.20863,1.20878,1.00,1.00
2016.11.01 09:08:17.267,1.20863,1.2088,1.00,1.12
2016.11.01 09:08:17.522,1.20865,1.20879,1.00,1.00
2016.11.01 09:08:17.830,1.20873,1.20888,1.00,1.75
2016.11.01 09:08:17.881,1.20874,1.20888,1.00,1.00
2016.11.01 09:08:17.932,1.20873,1.2089,1.00,1.00
2016.11.01 09:08:18.431,1.20875,1.20891,1.00,1.00
2016.11.01 09:08:18.737,1.20872,1.2089,1.50,1.00
2016.11.01 09:08:18.838,1.20873,1.20892,1.00,1.50
2016.11.01 09:08:19.092,1.20878,1.20892,1.00,1.00
2016.11.01 09:08:19.201,1.20879,1.20894,1.00,1.00
2016.11.01 09:08:19.354,1.20882,1.20895,1.00,1.00
2016.11.01 09:08:19.405,1.20882,1.20899,1.50,1.87
2016.11.01 09:08:19.558,1.20881,1.20899,3.00,1.00
2016.11.01 09:08:19.659,1.20881,1.20899,2.25,1.00
2016.11.01 09:08:20.456,1.20883,1.20899,1.00,1.00
2016.11.01 09:08:20.965,1.20884,1.20899,1.00,1.00
2016.11.01 09:08:21.068,1.20879,1.20898,1.87,1.00
2016.11.01 09:08:21.120,1.20879,1.20894,1.50,1.00
2016.11.01 09:08:21.273,1.2087,1.20892,3.15,1.00
2016.11.01 09:08:21.451,1.2087,1.2089,3.56,1.00
2016.11.01 09:08:21.806,1.2087,1.2089,1.50,1.00
2016.11.01 09:08:22.313,1.2087,1.20889,1.00,1.00
2016.11.01 09:08:23.717,1.2087,1.20891,1.00,1.00
2016.11.01 09:08:24.352,1.2087,1.2089,1.56,1.00
2016.11.01 09:08:25.163,1.2087,1.20889,1.56,1.00
2016.11.01 09:08:25.700,1.2087,1.20889,1.31,1.00
2016.11.01 09:08:26.212,1.2087,1.20888,1.31,1.00
2016.11.01 09:08:30.306,1.20871,1.20888,1.00,1.00
2016.11.01 09:08:31.710,1.2087,1.20888,1.50,1.00
2016.11.01 09:08:32.482,1.2087,1.20889,1.50,1.50
2016.11.01 09:08:33.005,1.20871,1.20889,1.00,1.00
2016.11.01 09:08:33.514,1.20872,1.20889,1.00,1.00
2016.11.01 09:08:34.421,1.20873,1.20889,1.00,1.00
2016.11.01 09:08:35.949,1.20873,1.2089,1.00,1.50
2016.11.01 09:08:36.102,1.20875,1.2089,1.00,1.00
2016.11.01 09:08:36.153,1.20875,1.20893,1.00,1.00
2016.11.01 09:08:36.306,1.20876,1.20895,1.37,1.50
2016.11.01 09:08:37.117,1.20876,1.20894,1.37,1.00
2016.11.01 09:08:38.250,1.20876,1.2089,1.37,1.00
2016.11.01 09:08:38.352,1.20876,1.20895,1.37,1.00
2016.11.01 09:08:38.740,1.20876,1.20889,1.37,1.00
2016.11.01 09:08:38.843,1.20876,1.20894,1.37,1.00
2016.11.01 09:08:40.644,1.20875,1.2089,2.06,1.00
2016.11.01 09:08:41.017,1.20873,1.20888,1.50,1.00
2016.11.01 09:08:41.118,1.20868,1.20888,2.25,1.00
2016.11.01 09:08:44.258,1.20868,1.20887,1.50,1.00
2016.11.01 09:08:47.745,1.20865,1.20884,2.25,1.00
2016.11.01 09:08:47.847,1.20865,1.20884,1.50,1.50
2016.11.01 09:08:48.391,1.20866,1.20884,1.00,1.00
2016.11.01 09:08:48.892,1.20867,1.20884,1.00,1.00
2016.11.01 09:08:52.082,1.20867,1.20885,1.00,1.50
2016.11.01 09:08:52.437,1.20865,1.20881,1.00,1.00
2016.11.01 09:08:52.641,1.20864,1.20883,1.00,1.31
2016.11.01 09:08:53.310,1.20867,1.20885,1.00,2.81
2016.11.01 09:08:53.462,1.20868,1.20885,1.00,1.00
2016.11.01 09:08:53.876,1.20868,1.20887,1.50,1.00
2016.11.01 09:08:54.421,1.2087,1.20887,1.00,1.00
2016.11.01 09:08:55.918,1.2087,1.20888,1.00,1.00
2016.11.01 09:08:56.949,1.20871,1.20889,1.00,1.12
2016.11.01 09:08:57.357,1.20873,1.20889,1.00,1.00
2016.11.01 09:08:57.458,1.20878,1.20896,1.00,1.00
2016.11.01 09:08:57.616,1.20878,1.20898,2.25,1.31
2016.11.01 09:08:57.724,1.20878,1.20895,1.50,1.00
2016.11.01 09:08:58.256,1.20878,1.20894,1.00,1.00
2016.11.01 09:08:59.346,1.20878,1.2089,1.00,1.00
2016.11.01 09:08:59.499,1.2087,1.20887,1.50,1.00
2016.11.01 09:08:59.550,1.2087,1.20887,1.00,1.00
2016.11.01 09:09:00.259,1.2087,1.20888,1.00,1.00
2016.11.01 09:09:01.358,1.20869,1.2089,1.12,1.69
2016.11.01 09:09:01.894,1.2087,1.2089,1.00,1.69
2016.11.01 09:09:03.369,1.2087,1.20889,1.00,1.31
2016.11.01 09:09:05.260,1.20871,1.20889,1.00,1.00
2016.11.01 09:09:08.230,1.20871,1.2089,1.00,2.25
2016.11.01 09:09:09.159,1.20871,1.20889,1.00,1.00
2016.11.01 09:09:09.486,1.20868,1.20889,1.50,1.00
2016.11.01 09:09:09.842,1.20871,1.20889,1.00,1.00
2016.11.01 09:09:13.348,1.2087,1.20889,1.00,2.06
2016.11.01 09:09:13.818,1.2087,1.20889,1.37,2.06
2016.11.01 09:09:15.395,1.2087,1.2089,1.75,1.50
2016.11.01 09:09:16.221,1.2087,1.20889,1.75,1.00
2016.11.01 09:09:16.727,1.20872,1.2089,1.12,1.00
2016.11.01 09:09:20.787,1.20872,1.20889,1.12,1.00
2016.11.01 09:09:20.889,1.20871,1.20891,1.50,1.00
2016.11.01 09:09:21.395,1.20871,1.2089,1.50,1.00
2016.11.01 09:09:21.914,1.20873,1.20889,1.00,1.00
2016.11.01 09:09:22.506,1.20873,1.2089,1.00,1.00
2016.11.01 09:09:23.013,1.20872,1.20889,1.12,1.00
2016.11.01 09:09:23.548,1.20871,1.2089,1.50,1.00
2016.11.01 09:09:24.495,1.2087,1.20889,1.75,1.00
2016.11.01 09:09:25.227,1.20869,1.20889,1.00,1.50
2016.11.01 09:09:26.104,1.2087,1.20889,1.00,1.00
2016.11.01 09:09:26.207,1.20872,1.20889,1.00,1.00
2016.11.01 09:09:26.753,1.20872,1.2089,1.00,1.00
2016.11.01 09:09:27.190,1.20872,1.20892,1.00,1.25
2016.11.01 09:09:27.394,1.20877,1.20894,1.00,1.37
2016.11.01 09:09:27.498,1.20878,1.20895,1.12,1.12
2016.11.01 09:09:27.550,1.20878,1.20897,1.87,1.69
2016.11.01 09:09:28.015,1.2088,1.20898,1.00,1.00
2016.11.01 09:09:29.671,1.2088,1.20898,1.50,1.00
2016.11.01 09:09:29.824,1.20882,1.209,1.00,1.00
2016.11.01 09:09:29.926,1.20882,1.20901,1.50,1.31
2016.11.01 09:09:30.898,1.20882,1.209,1.50,1.00
2016.11.01 09:09:31.720,1.2088,1.20899,2.25,1.00
2016.11.01 09:09:33.410,1.2088,1.20898,1.75,1.00
2016.11.01 09:09:36.229,1.20879,1.20898,2.25,1.00
2016.11.01 09:09:36.331,1.2088,1.20899,1.00,1.00
2016.11.01 09:09:36.534,1.2088,1.20897,1.00,1.00
2016.11.01 09:09:37.296,1.2088,1.20898,1.00,1.00
2016.11.01 09:09:38.198,1.20879,1.20898,1.50,1.00
2016.11.01 09:09:38.300,1.2088,1.209,1.00,1.00
2016.11.01 09:09:38.351,1.2088,1.209,1.37,1.00
2016.11.01 09:09:40.229,1.20881,1.20899,1.75,1.00
2016.11.01 09:09:40.848,1.20882,1.209,1.50,1.00
2016.11.01 09:09:42.637,1.2088,1.20898,2.25,1.00
2016.11.01 09:09:43.625,1.2088,1.20897,1.75,1.00
2016.11.01 09:09:44.212,1.20877,1.20893,2.62,1.00
2016.11.01 09:09:44.263,1.20876,1.20893,1.75,1.00
2016.11.01 09:09:44.365,1.20875,1.20893,1.50,1.00
2016.11.01 09:09:45.213,1.20875,1.20894,2.06,1.50
2016.11.01 09:09:46.347,1.20876,1.20894,1.00,1.00
2016.11.01 09:09:46.449,1.20877,1.20896,1.00,1.00
2016.11.01 09:09:46.552,1.20879,1.20897,1.00,1.00
2016.11.01 09:09:47.059,1.20879,1.20897,1.37,1.00
2016.11.01 09:09:53.319,1.20879,1.20896,1.37,1.00
2016.11.01 09:09:59.356,1.20879,1.20897,1.37,1.00
2016.11.01 09:10:00.769,1.20881,1.209,1.00,1.00
2016.11.01 09:10:01.292,1.20882,1.20901,1.00,1.00
2016.11.01 09:10:01.393,1.20882,1.20903,1.50,1.12
2016.11.01 09:10:01.806,1.20882,1.20905,2.25,1.50
2016.11.01 09:10:02.012,1.20882,1.20899,1.00,1.00
2016.11.01 09:10:02.417,1.2088,1.20899,1.00,1.00
2016.11.01 09:10:02.987,1.2088,1.20894,1.00,1.00
2016.11.01 09:10:04.182,1.2088,1.209,1.00,1.00
2016.11.01 09:10:05.946,1.20878,1.209,3.00,1.00
2016.11.01 09:10:06.093,1.20878,1.20895,3.00,1.00
2016.11.01 09:10:06.609,1.20878,1.20894,3.00,1.00
2016.11.01 09:10:06.915,1.20878,1.20899,3.00,1.00
2016.11.01 09:10:06.967,1.20878,1.20895,3.00,1.00
2016.11.01 09:10:07.225,1.20878,1.209,2.25,1.00
2016.11.01 09:10:07.277,1.20878,1.20894,2.25,1.00
2016.11.01 09:10:07.479,1.20878,1.20899,2.25,1.00
2016.11.01 09:10:07.582,1.20878,1.20894,1.37,1.00
2016.11.01 09:10:07.633,1.20878,1.20894,1.37,1.00
2016.11.01 09:10:08.189,1.20878,1.20899,1.37,1.00
2016.11.01 09:10:08.405,1.20878,1.20895,1.37,1.00
2016.11.01 09:10:09.685,1.20878,1.20894,1.37,1.00
2016.11.01 09:10:09.989,1.20878,1.20899,1.37,1.00
2016.11.01 09:10:13.183,1.20878,1.20895,1.37,1.00
2016.11.01 09:10:13.487,1.20879,1.20898,1.12,1.00
2016.11.01 09:10:13.966,1.20879,1.20894,1.12,1.00
2016.11.01 09:10:14.017,1.20879,1.20897,1.12,1.00
2016.11.01 09:10:15.207,1.20879,1.20894,1.12,1.00
2016.11.01 09:10:16.280,1.20879,1.20897,1.12,1.00
2016.11.01 09:10:16.817,1.20879,1.20898,1.12,1.00
2016.11.01 09:10:19.515,1.20879,1.20894,1.12,1.00
2016.11.01 09:10:19.616,1.20877,1.20898,1.50,1.00
2016.11.01 09:10:19.718,1.20878,1.20896,1.37,1.00
2016.11.01 09:10:20.124,1.20875,1.20894,3.00,1.00
2016.11.01 09:10:22.024,1.20875,1.20895,3.00,1.00
2016.11.01 09:10:22.645,1.20876,1.20895,1.00,1.00
2016.11.01 09:10:23.337,1.20876,1.20894,1.00,1.00
2016.11.01 09:10:23.946,1.20877,1.20894,1.00,1.00
2016.11.01 09:10:24.606,1.20876,1.20894,1.00,1.00
2016.11.01 09:10:30.921,1.20877,1.20894,1.00,1.00
2016.11.01 09:10:31.503,1.20877,1.20896,1.00,1.00
2016.11.01 09:10:31.554,1.20878,1.20899,1.12,1.50
2016.11.01 09:10:31.754,1.20882,1.209,1.31,1.00
2016.11.01 09:10:31.945,1.20882,1.20904,1.50,1.50
2016.11.01 09:10:32.047,1.20882,1.209,1.50,1.00
2016.11.01 09:10:32.217,1.20883,1.20904,1.12,2.25
2016.11.01 09:10:32.728,1.20883,1.20899,1.12,1.00
2016.11.01 09:10:32.892,1.20888,1.20905,1.50,1.00
2016.11.01 09:10:32.943,1.20889,1.20905,1.56,1.00
2016.11.01 09:10:33.146,1.20889,1.2091,2.81,1.50
2016.11.01 09:10:33.728,1.20891,1.20909,1.00,1.00
2016.11.01 09:10:34.848,1.20893,1.20909,1.00,1.00
2016.11.01 09:10:37.127,1.20893,1.20909,1.56,1.00
2016.11.01 09:10:37.648,1.20894,1.20909,1.62,1.00
2016.11.01 09:10:38.445,1.20893,1.20914,2.25,1.00
2016.11.01 09:10:39.022,1.20891,1.20909,1.87,1.00
2016.11.01 09:10:39.529,1.20893,1.20909,1.00,1.00
2016.11.01 09:10:40.056,1.20894,1.20909,1.00,1.00
2016.11.01 09:10:40.668,1.20897,1.20914,1.00,1.87
2016.11.01 09:10:40.770,1.20898,1.20919,1.69,3.75
2016.11.01 09:10:40.821,1.20899,1.20919,1.37,1.87
2016.11.01 09:10:41.348,1.20899,1.20918,1.87,1.00
2016.11.01 09:10:41.999,1.20894,1.20913,1.75,1.00
2016.11.01 09:10:42.050,1.20893,1.20913,2.25,1.00
2016.11.01 09:10:42.153,1.20892,1.20909,1.35,1.00
2016.11.01 09:10:42.204,1.20891,1.20909,1.31,1.00
2016.11.01 09:10:42.458,1.20893,1.20909,1.00,1.00
2016.11.01 09:10:42.946,1.20894,1.20913,1.00,1.00
2016.11.01 09:10:44.768,1.20894,1.20914,1.00,1.00
2016.11.01 09:10:45.313,1.20893,1.20914,1.69,1.12
2016.11.01 09:10:45.566,1.2089,1.2091,2.25,1.50
2016.11.01 09:10:45.821,1.20889,1.2091,1.00,1.00
2016.11.01 09:10:46.545,1.2089,1.2091,1.00,1.50
2016.11.01 09:10:47.050,1.2089,1.20909,1.00,1.00
2016.11.01 09:10:48.875,1.20891,1.20909,1.00,1.00
2016.11.01 09:10:49.384,1.20891,1.2091,1.00,1.50
2016.11.01 09:10:49.893,1.20891,1.20909,1.00,1.00
2016.11.01 09:10:51.532,1.20893,1.20909,1.00,1.00
2016.11.01 09:10:52.373,1.20893,1.20909,1.00,1.56
2016.11.01 09:10:52.746,1.20893,1.2091,1.00,1.00
2016.11.01 09:10:53.265,1.20893,1.20909,1.00,1.00
2016.11.01 09:10:53.961,1.20893,1.2091,1.00,1.50
2016.11.01 09:10:54.492,1.20893,1.20909,1.50,1.00
2016.11.01 09:10:55.174,1.20893,1.20905,1.50,1.00
2016.11.01 09:10:55.276,1.20894,1.20914,1.00,4.50
2016.11.01 09:10:55.429,1.20897,1.20913,1.00,1.69
2016.11.01 09:10:55.642,1.20894,1.20914,1.50,3.75
2016.11.01 09:10:56.967,1.20894,1.20914,1.50,2.06
2016.11.01 09:10:58.172,1.20894,1.20915,1.50,2.44
2016.11.01 09:10:58.274,1.20896,1.20915,1.00,1.00
2016.11.01 09:10:58.579,1.20898,1.20914,1.00,1.00
2016.11.01 09:11:00.700,1.20898,1.20915,1.00,1.00
2016.11.01 09:11:01.251,1.20898,1.20916,1.00,1.00
2016.11.01 09:11:01.867,1.20898,1.20915,1.00,1.00
2016.11.01 09:11:04.272,1.20898,1.20916,1.00,1.00
2016.11.01 09:11:04.323,1.20899,1.20918,1.00,1.87
2016.11.01 09:11:04.476,1.20898,1.20917,1.75,1.00
2016.11.01 09:11:04.527,1.20902,1.20919,1.12,1.12
2016.11.01 09:11:04.578,1.20902,1.20919,1.75,1.12
2016.11.01 09:11:04.939,1.20906,1.20919,1.00,1.12
2016.11.01 09:11:05.245,1.20906,1.20919,1.75,1.00
2016.11.01 09:11:05.563,1.20905,1.20919,1.50,1.00
2016.11.01 09:11:06.070,1.20905,1.2092,1.00,1.00
2016.11.01 09:11:06.666,1.20905,1.20924,1.00,2.25
2016.11.01 09:11:06.869,1.20906,1.20925,2.25,2.88
2016.11.01 09:11:07.435,1.20906,1.20924,2.25,1.38
2016.11.01 09:11:08.004,1.20906,1.20925,2.25,2.88
2016.11.01 09:11:08.520,1.20906,1.20925,2.25,1.87
2016.11.01 09:11:09.581,1.20906,1.20924,2.25,1.25
2016.11.01 09:11:10.199,1.20906,1.20924,2.25,1.00
2016.11.01 09:11:15.172,1.20906,1.20925,2.25,1.87
2016.11.01 09:11:17.017,1.20908,1.20924,1.25,1.00
2016.11.01 09:11:17.216,1.20915,1.20934,1.00,1.50
2016.11.01 09:11:17.267,1.20917,1.20934,1.37,1.37
2016.11.01 09:11:17.572,1.20922,1.20934,1.00,1.00
2016.11.01 09:11:17.791,1.20922,1.20938,1.00,1.12
2016.11.01 09:11:22.552,1.20922,1.20937,1.00,1.00
2016.11.01 09:11:23.514,1.20922,1.20939,1.00,1.12
2016.11.01 09:11:24.516,1.20922,1.20938,1.00,1.00
2016.11.01 09:11:27.781,1.2092,1.20935,1.37,1.00
2016.11.01 09:11:27.934,1.20911,1.20929,1.75,1.00
2016.11.01 09:11:28.853,1.2091,1.20927,1.75,1.00
2016.11.01 09:11:30.068,1.2091,1.20928,1.75,1.00
2016.11.01 09:11:30.170,1.20911,1.2093,1.75,1.00
2016.11.01 09:11:30.221,1.20912,1.20932,1.62,1.00
2016.11.01 09:11:31.961,1.20913,1.20931,1.12,1.00
2016.11.01 09:11:33.967,1.20912,1.20933,2.06,1.00
2016.11.01 09:11:34.101,1.20916,1.20933,1.00,1.00
2016.11.01 09:11:34.921,1.20913,1.20933,1.25,1.00
2016.11.01 09:11:35.743,1.20916,1.20933,1.00,1.00
2016.11.01 09:11:36.007,1.20913,1.20933,1.25,1.00
2016.11.01 09:11:37.547,1.20913,1.2093,1.25,1.00
2016.11.01 09:11:37.953,1.2091,1.20926,1.75,1.00
2016.11.01 09:11:38.267,1.20903,1.20921,1.37,1.00
2016.11.01 09:11:38.369,1.20904,1.20922,1.75,1.00
2016.11.01 09:11:38.876,1.20904,1.20923,1.75,1.00
2016.11.01 09:11:39.362,1.20904,1.20919,1.75,1.00
2016.11.01 09:11:39.464,1.209,1.20919,1.50,1.50
2016.11.01 09:11:42.981,1.209,1.20918,1.50,1.00
2016.11.01 09:11:43.314,1.20901,1.2092,2.25,1.00
2016.11.01 09:11:43.467,1.20901,1.20918,1.50,1.00
2016.11.01 09:11:43.721,1.20902,1.20919,1.37,1.00
2016.11.01 09:11:43.772,1.20902,1.20921,2.25,1.00
2016.11.01 09:11:47.978,1.20901,1.20914,1.75,1.00
2016.11.01 09:11:48.080,1.20897,1.20914,1.31,1.00
2016.11.01 09:11:48.190,1.20897,1.20914,1.31,1.00
2016.11.01 09:11:51.647,1.20896,1.20913,3.00,1.00
2016.11.01 09:11:52.003,1.20899,1.20917,1.12,1.00
2016.11.01 09:11:52.054,1.20899,1.20917,1.50,1.00
2016.11.01 09:11:52.729,1.20901,1.20914,1.00,1.50
2016.11.01 09:11:53.034,1.20888,1.20905,1.75,1.00
2016.11.01 09:11:53.186,1.20884,1.20904,1.75,1.00
2016.11.01 09:11:53.870,1.20884,1.20905,2.25,1.50
2016.11.01 09:11:54.175,1.2089,1.20907,1.50,1.00
2016.11.01 09:11:54.482,1.209,1.20919,1.37,1.00
2016.11.01 09:11:54.634,1.20901,1.20919,1.50,1.00
2016.11.01 09:11:55.180,1.20901,1.20919,1.75,1.00
2016.11.01 09:11:55.848,1.20901,1.2092,1.75,1.00
2016.11.01 09:11:56.394,1.20901,1.20921,2.25,1.00
2016.11.01 09:11:57.987,1.20901,1.20918,2.25,1.00
2016.11.01 09:11:58.088,1.20901,1.20917,1.00,1.00
2016.11.01 09:11:58.604,1.20899,1.20917,1.37,1.00
2016.11.01 09:11:58.980,1.20906,1.20923,1.00,2.25
2016.11.01 09:11:59.082,1.20906,1.20926,2.25,1.00
2016.11.01 09:12:00.390,1.20906,1.20926,1.00,1.00
2016.11.01 09:12:01.165,1.20905,1.20926,1.12,1.00
2016.11.01 09:12:01.424,1.20905,1.20924,1.12,1.00
2016.11.01 09:12:01.729,1.20897,1.20915,1.50,1.00
2016.11.01 09:12:02.241,1.20896,1.20916,1.50,1.00
2016.11.01 09:12:03.453,1.20896,1.20914,1.50,1.00
2016.11.01 09:12:07.340,1.20895,1.20914,1.50,1.00
2016.11.01 09:12:07.713,1.20893,1.20912,2.25,1.00
2016.11.01 09:12:08.713,1.20893,1.20914,2.25,1.50
2016.11.01 09:12:10.227,1.20893,1.20912,2.25,1.00
2016.11.01 09:12:11.147,1.20893,1.20911,2.25,1.00
2016.11.01 09:12:11.648,1.20893,1.20912,2.25,1.00
2016.11.01 09:12:12.224,1.20893,1.20911,1.37,1.00
2016.11.01 09:12:12.518,1.20886,1.20907,2.25,1.50
2016.11.01 09:12:12.620,1.20886,1.20907,2.25,1.50
2016.11.01 09:12:14.004,1.20886,1.20906,2.25,1.00
2016.11.01 09:12:15.869,1.20886,1.20905,2.25,1.00
2016.11.01 09:12:16.444,1.20886,1.20906,1.50,1.00
2016.11.01 09:12:16.952,1.20886,1.20907,1.50,1.00
2016.11.01 09:12:17.105,1.20888,1.20907,1.00,1.00
2016.11.01 09:12:17.641,1.20887,1.20907,1.00,1.00
2016.11.01 09:12:18.448,1.20887,1.20906,1.00,1.38
2016.11.01 09:12:19.119,1.20886,1.20901,1.50,1.00
2016.11.01 09:12:19.322,1.20881,1.20899,1.00,1.00
2016.11.01 09:12:19.525,1.20883,1.209,1.00,1.13
2016.11.01 09:12:19.576,1.20883,1.20902,1.00,1.00
2016.11.01 09:12:19.627,1.20885,1.20903,1.00,1.12
2016.11.01 09:12:19.735,1.20885,1.20905,1.50,1.13
2016.11.01 09:12:20.219,1.20888,1.20907,1.00,2.25
2016.11.01 09:12:20.523,1.20891,1.20907,1.00,1.50
2016.11.01 09:12:20.970,1.20888,1.20907,1.50,1.38
2016.11.01 09:12:21.072,1.20888,1.20909,1.50,1.38
2016.11.01 09:12:21.225,1.20891,1.2091,1.00,1.50
2016.11.01 09:12:21.529,1.20896,1.20908,1.00,1.00
2016.11.01 09:12:21.591,1.20891,1.20908,1.50,1.00
2016.11.01 09:12:22.352,1.20891,1.20908,1.00,1.38
2016.11.01 09:12:23.097,1.20891,1.20908,1.00,1.50
2016.11.01 09:12:26.474,1.20891,1.20908,1.00,1.38
2016.11.01 09:12:27.942,1.20891,1.20911,1.00,1.88
2016.11.01 09:12:27.993,1.20891,1.20911,1.00,1.00
2016.11.01 09:12:28.146,1.20894,1.20913,1.00,1.38
2016.11.01 09:12:28.469,1.20894,1.20915,1.50,1.88
2016.11.01 09:12:29.094,1.20894,1.20915,1.50,3.56
2016.11.01 09:12:29.675,1.20894,1.20915,1.50,3.56
2016.11.01 09:12:29.999,1.20895,1.20913,1.37,1.38
2016.11.01 09:12:30.920,1.20895,1.20913,1.37,1.13
2016.11.01 09:12:30.971,1.20895,1.20914,1.37,1.88
2016.11.01 09:12:31.074,1.20895,1.20914,1.37,1.88
2016.11.01 09:12:32.158,1.20895,1.20913,1.37,1.38
2016.11.01 09:12:32.694,1.20895,1.20913,1.37,1.00
2016.11.01 09:12:34.968,1.20895,1.20913,1.37,1.38
2016.11.01 09:12:36.095,1.20893,1.2091,1.75,1.00
2016.11.01 09:12:37.397,1.20897,1.20914,1.00,1.00
2016.11.01 09:12:37.499,1.20899,1.20918,1.37,1.12
2016.11.01 09:12:38.250,1.20901,1.20919,1.12,1.00
2016.11.01 09:12:38.655,1.20897,1.20917,2.25,1.00
2016.11.01 09:12:39.280,1.20897,1.20914,1.75,1.00
2016.11.01 09:12:39.585,1.20897,1.20914,1.00,1.00
2016.11.01 09:12:40.127,1.20897,1.20915,1.00,1.00
2016.11.01 09:12:40.648,1.20896,1.20915,1.00,1.00
2016.11.01 09:12:40.963,1.20896,1.20915,1.75,1.00
2016.11.01 09:12:41.496,1.20895,1.20916,1.12,1.00
2016.11.01 09:12:43.660,1.20895,1.20915,1.12,1.00
2016.11.01 09:12:45.385,1.20898,1.20918,1.12,1.12
2016.11.01 09:12:45.487,1.20902,1.20918,1.00,1.00
2016.11.01 09:12:45.640,1.20902,1.20923,1.50,1.69
2016.11.01 09:12:45.894,1.20902,1.20921,1.00,1.00
2016.11.01 09:12:46.068,1.20903,1.20923,1.50,1.00
2016.11.01 09:12:46.119,1.20903,1.20923,2.62,1.00
2016.11.01 09:12:46.170,1.20906,1.20925,1.00,1.00
2016.11.01 09:12:46.576,1.20905,1.20923,1.00,1.00
2016.11.01 09:12:46.981,1.20905,1.2092,1.00,1.00
2016.11.01 09:12:47.298,1.20898,1.20916,2.25,1.50
2016.11.01 09:12:47.502,1.20898,1.20916,1.12,1.00
2016.11.01 09:12:47.604,1.20898,1.20918,1.12,1.50
2016.11.01 09:12:48.008,1.20898,1.20916,1.12,1.00
2016.11.01 09:12:49.869,1.20898,1.20915,1.12,1.00
2016.11.01 09:12:50.173,1.20898,1.20915,1.75,1.00
2016.11.01 09:12:51.284,1.20898,1.20914,1.75,1.00
2016.11.01 09:12:51.589,1.20891,1.20909,3.37,1.00
2016.11.01 09:12:52.517,1.20892,1.2091,1.50,1.50
2016.11.01 09:12:54.419,1.20892,1.20911,1.50,1.50
2016.11.01 09:12:54.817,1.20895,1.20914,1.00,1.87
2016.11.01 09:12:54.868,1.20895,1.20914,1.87,1.50
2016.11.01 09:12:58.736,1.20895,1.20915,2.25,1.50
2016.11.01 09:12:59.681,1.20897,1.20916,1.50,1.50
2016.11.01 09:13:02.971,1.20896,1.20915,1.75,1.00
2016.11.01 09:13:06.270,1.20894,1.20915,1.75,2.06
2016.11.01 09:13:06.372,1.20892,1.20913,2.25,1.00
2016.11.01 09:13:06.738,1.20896,1.20917,2.62,1.37
2016.11.01 09:13:07.283,1.20896,1.20917,3.56,1.00
2016.11.01 09:13:07.797,1.20899,1.20918,1.12,1.87
2016.11.01 09:13:08.101,1.20901,1.20918,1.00,1.00
2016.11.01 09:13:11.617,1.20901,1.20919,1.50,1.00
2016.11.01 09:13:22.288,1.20901,1.2092,2.25,1.00
2016.11.01 09:13:22.593,1.20903,1.2092,1.75,1.00
2016.11.01 09:13:23.193,1.20903,1.20921,2.25,1.00
2016.11.01 09:13:23.724,1.20903,1.20922,2.25,1.00
2016.11.01 09:13:24.286,1.20904,1.20922,1.37,1.00
2016.11.01 09:13:24.637,1.20906,1.20922,1.37,1.00
2016.11.01 09:13:25.653,1.20908,1.20921,1.00,1.00
2016.11.01 09:13:26.190,1.20908,1.2092,1.00,1.00
2016.11.01 09:13:26.951,1.20902,1.2092,3.52,1.00
2016.11.01 09:13:35.746,1.20902,1.20923,3.52,1.31
2016.11.01 09:13:40.982,1.20902,1.20921,3.00,1.00
2016.11.01 09:13:45.162,1.20902,1.20921,2.25,1.00
2016.11.01 09:13:48.869,1.20902,1.20919,1.75,1.00
2016.11.01 09:13:49.190,1.209,1.20917,1.75,1.00
2016.11.01 09:13:52.503,1.20898,1.20915,1.75,1.00
2016.11.01 09:13:53.017,1.20898,1.20916,2.25,1.00
2016.11.01 09:13:53.475,1.20898,1.20918,2.25,1.00
2016.11.01 09:13:54.090,1.20898,1.20917,2.25,1.00
2016.11.01 09:13:54.565,1.20899,1.20917,1.37,1.00
2016.11.01 09:13:54.617,1.20901,1.20919,1.00,1.00
2016.11.01 09:13:54.668,1.20903,1.20922,1.00,2.25
2016.11.01 09:13:54.769,1.20904,1.20925,1.50,1.87
2016.11.01 09:13:54.922,1.20905,1.20925,1.37,1.87
2016.11.01 09:13:55.531,1.20905,1.20925,1.75,1.12
2016.11.01 09:13:55.854,1.20905,1.20923,2.25,1.00
2016.11.01 09:13:59.278,1.20906,1.20924,1.50,1.50
2016.11.01 09:14:02.104,1.20906,1.20926,1.50,1.12
2016.11.01 09:14:05.776,1.2091,1.20928,1.00,1.37
2016.11.01 09:14:09.384,1.2091,1.20928,1.00,1.37
2016.11.01 09:14:10.446,1.2091,1.20928,1.00,1.37
2016.11.01 09:14:10.952,1.2091,1.20928,1.00,1.37
2016.11.01 09:14:11.710,1.2091,1.20928,1.00,1.00
2016.11.01 09:14:12.263,1.2091,1.20927,1.00,1.00
2016.11.01 09:14:12.726,1.2091,1.20925,1.00,1.00
2016.11.01 09:14:15.736,1.20905,1.20924,4.50,1.00
2016.11.01 09:14:15.788,1.20905,1.20924,3.75,1.00
2016.11.01 09:14:16.327,1.20906,1.20925,1.50,1.00
2016.11.01 09:14:17.019,1.20907,1.20925,1.87,1.00
2016.11.01 09:14:17.070,1.20909,1.20927,1.50,1.00
2016.11.01 09:14:17.172,1.20909,1.20929,1.50,1.00
2016.11.01 09:14:17.223,1.20911,1.2093,1.37,1.12
2016.11.01 09:14:20.846,1.20913,1.20931,1.00,1.00
2016.11.01 09:14:21.366,1.20914,1.20932,1.00,1.00
2016.11.01 09:14:21.671,1.20913,1.2093,1.50,1.00
2016.11.01 09:14:21.982,1.20913,1.20927,1.00,1.00
2016.11.01 09:14:22.591,1.20913,1.20926,1.00,1.00
2016.11.01 09:14:23.243,1.20913,1.20925,1.00,1.00
2016.11.01 09:14:23.345,1.20907,1.20925,1.75,1.00
2016.11.01 09:14:29.378,1.20908,1.20926,1.75,1.00
2016.11.01 09:14:29.927,1.20907,1.20925,1.75,1.00
2016.11.01 09:14:31.185,1.20907,1.20926,1.75,1.00
2016.11.01 09:14:31.693,1.20909,1.20927,1.50,1.00
2016.11.01 09:14:32.213,1.20908,1.20926,2.25,1.00
2016.11.01 09:14:33.192,1.20906,1.20924,3.00,1.00
2016.11.01 09:14:35.303,1.20907,1.20925,1.75,1.00
2016.11.01 09:14:35.404,1.20907,1.20927,1.75,1.00
2016.11.01 09:14:36.316,1.20908,1.20926,1.75,1.00
2016.11.01 09:14:37.411,1.2091,1.20927,1.12,1.00
2016.11.01 09:14:37.564,1.2091,1.20927,1.75,1.00
2016.11.01 09:14:37.615,1.20911,1.20929,2.25,1.00
2016.11.01 09:14:38.246,1.20912,1.2093,1.12,1.00
2016.11.01 09:14:39.006,1.20913,1.2093,1.00,1.00
2016.11.01 09:14:39.107,1.20913,1.20932,1.00,1.69
2016.11.01 09:14:39.412,1.20913,1.2093,1.00,1.00
2016.11.01 09:14:40.006,1.20912,1.2093,1.12,1.00
2016.11.01 09:14:40.438,1.20912,1.2093,2.25,1.00
2016.11.01 09:14:44.393,1.20912,1.20931,2.25,1.12
2016.11.01 09:14:44.917,1.20912,1.2093,2.25,1.00
2016.11.01 09:14:46.234,1.20912,1.20931,1.75,1.00
2016.11.01 09:14:56.421,1.20912,1.20933,3.00,1.00
2016.11.01 09:14:56.522,1.20913,1.20931,1.75,1.00
2016.11.01 09:14:57.447,1.20913,1.20932,1.75,1.00
2016.11.01 09:14:57.998,1.20916,1.20933,1.00,1.00
2016.11.01 09:14:58.499,1.20916,1.20934,1.00,1.00
2016.11.01 09:15:00.852,1.20916,1.20932,1.00,1.00
2016.11.01 09:15:01.847,1.20916,1.2093,1.00,1.00
2016.11.01 09:15:02.000,1.2091,1.2093,2.25,1.31
2016.11.01 09:15:02.052,1.20913,1.20933,1.37,2.06
2016.11.01 09:15:02.103,1.20913,1.20933,1.75,1.50
2016.11.01 09:15:03.444,1.20916,1.20933,1.00,1.00
2016.11.01 09:15:03.953,1.20915,1.20936,2.25,1.12
2016.11.01 09:15:04.278,1.2092,1.20939,1.00,1.37
2016.11.01 09:15:04.582,1.20922,1.2094,1.00,1.37
2016.11.01 09:15:05.367,1.20924,1.20942,1.00,1.50
2016.11.01 09:15:06.549,1.20923,1.20944,1.00,1.87
2016.11.01 09:15:06.651,1.20924,1.20942,1.00,1.00
2016.11.01 09:15:06.955,1.20922,1.20938,1.00,1.00
2016.11.01 09:15:07.257,1.20917,1.20934,1.00,1.00
2016.11.01 09:15:09.286,1.20917,1.20933,1.00,1.00
2016.11.01 09:15:09.399,1.20917,1.2093,1.00,1.00
2016.11.01 09:15:09.450,1.20912,1.2093,1.75,1.00
2016.11.01 09:15:09.973,1.20911,1.20932,3.00,1.00
2016.11.01 09:15:10.277,1.20911,1.20928,1.75,1.00
2016.11.01 09:15:10.517,1.20911,1.20928,1.00,1.00
2016.11.01 09:15:10.619,1.20912,1.20928,1.37,1.00
2016.11.01 09:15:11.127,1.20912,1.20929,1.75,1.00
2016.11.01 09:15:11.633,1.20912,1.20928,1.75,1.00
2016.11.01 09:15:11.685,1.20912,1.2093,1.75,1.00
2016.11.01 09:15:11.888,1.20914,1.20932,1.37,1.00
2016.11.01 09:15:12.246,1.20912,1.2093,2.25,1.00
2016.11.01 09:15:13.174,1.20915,1.20931,1.12,1.00
2016.11.01 09:15:13.276,1.20916,1.20934,1.00,1.00
2016.11.01 09:15:13.789,1.20915,1.20933,1.12,1.00
2016.11.01 09:15:14.469,1.20913,1.20932,1.50,1.00
2016.11.01 09:15:14.571,1.20913,1.2093,1.31,1.00
2016.11.01 09:15:14.723,1.20912,1.20929,1.31,1.00
2016.11.01 09:15:15.028,1.20912,1.2093,1.94,1.00
2016.11.01 09:15:15.079,1.20915,1.20935,1.12,1.00
2016.11.01 09:15:15.564,1.20918,1.20933,1.00,1.00
2016.11.01 09:15:15.768,1.20915,1.20933,1.00,1.00
2016.11.01 09:15:15.870,1.20913,1.20931,2.44,1.00
2016.11.01 09:15:16.073,1.20914,1.20933,1.12,1.00
2016.11.01 09:15:16.124,1.20914,1.20933,1.94,1.00
2016.11.01 09:15:16.671,1.20916,1.20934,2.44,1.00
2016.11.01 09:15:18.890,1.20914,1.20931,1.75,1.00
2016.11.01 09:15:19.096,1.2091,1.20928,1.50,1.00
2016.11.01 09:15:19.299,1.20911,1.20928,1.87,1.00
2016.11.01 09:15:19.605,1.2091,1.20929,1.75,1.00
2016.11.01 09:15:19.771,1.2091,1.2093,2.25,1.00
2016.11.01 09:15:19.997,1.2091,1.20928,2.81,1.00
2016.11.01 09:15:20.525,1.2091,1.20929,2.81,1.00
2016.11.01 09:15:20.978,1.20912,1.20928,1.37,1.00
2016.11.01 09:15:21.283,1.20912,1.2093,1.75,1.00
2016.11.01 09:15:24.015,1.20912,1.20929,1.75,1.00
2016.11.01 09:15:25.971,1.20912,1.20928,1.75,1.00
2016.11.01 09:15:26.073,1.20913,1.20931,1.50,1.00
2016.11.01 09:15:26.125,1.20913,1.20931,1.31,1.00
2016.11.01 09:15:26.176,1.20916,1.20934,1.00,1.37
2016.11.01 09:15:26.489,1.20918,1.20936,2.06,1.00
2016.11.01 09:15:26.693,1.20919,1.20939,1.87,1.00
2016.11.01 09:15:26.795,1.20922,1.2094,1.00,1.12
2016.11.01 09:15:31.100,1.20919,1.20933,2.25,1.00
2016.11.01 09:15:31.253,1.20916,1.20933,1.50,1.00
2016.11.01 09:15:31.304,1.20916,1.20932,1.12,1.00
2016.11.01 09:15:34.897,1.20912,1.20931,2.81,1.00
2016.11.01 09:15:35.057,1.20913,1.20933,1.75,1.00
2016.11.01 09:15:35.564,1.20915,1.20934,2.06,1.00
2016.11.01 09:15:36.079,1.20915,1.20936,2.81,1.50
2016.11.01 09:15:36.130,1.20918,1.20936,1.12,1.00
2016.11.01 09:15:36.774,1.20918,1.20937,1.12,1.00
2016.11.01 09:15:37.079,1.2092,1.20939,2.62,1.00
2016.11.01 09:15:37.384,1.20925,1.20943,1.75,1.00
2016.11.01 09:15:40.017,1.20925,1.20946,1.75,2.44
2016.11.01 09:15:40.709,1.20925,1.20943,1.75,1.00
2016.11.01 09:15:42.637,1.20925,1.20942,1.75,1.00
2016.11.01 09:15:42.941,1.20922,1.20936,1.75,1.00
2016.11.01 09:15:43.043,1.20918,1.20936,3.30,1.00
2016.11.01 09:15:43.146,1.20917,1.20935,1.75,1.00
2016.11.01 09:15:43.669,1.20917,1.20936,1.75,1.50
2016.11.01 09:15:48.233,1.20917,1.20934,1.75,1.00
2016.11.01 09:15:48.790,1.20917,1.20933,1.75,1.00
2016.11.01 09:15:50.737,1.20917,1.20932,1.75,1.00
2016.11.01 09:15:50.839,1.20916,1.20932,1.00,1.00
2016.11.01 09:15:52.336,1.20916,1.20933,1.00,1.00
2016.11.01 09:15:54.168,1.20916,1.20935,1.00,2.06
2016.11.01 09:15:54.688,1.20916,1.20935,1.50,1.00
2016.11.01 09:15:56.139,1.20916,1.20934,1.00,1.00
2016.11.01 09:15:56.241,1.20916,1.20929,1.00,1.31
2016.11.01 09:15:56.444,1.20908,1.20926,1.75,1.00
2016.11.01 09:15:56.645,1.2091,1.20929,1.50,1.00
2016.11.01 09:15:56.798,1.20912,1.20929,1.37,1.00
2016.11.01 09:15:56.850,1.20913,1.20931,1.75,1.00
2016.11.01 09:15:59.142,1.20914,1.20932,1.50,1.00
2016.11.01 09:16:02.567,1.20912,1.2093,1.75,1.00
2016.11.01 09:16:02.721,1.20912,1.20932,2.02,1.50
2016.11.01 09:16:02.773,1.20912,1.20932,1.12,1.50
2016.11.01 09:16:02.919,1.20911,1.20929,1.87,1.00
2016.11.01 09:16:03.073,1.20916,1.20936,2.06,2.25
2016.11.01 09:16:03.277,1.20915,1.20933,1.69,1.00
2016.11.01 09:16:03.779,1.20917,1.20933,1.00,1.00
2016.11.01 09:16:04.409,1.20917,1.20934,1.31,1.00
2016.11.01 09:16:05.071,1.20917,1.20934,1.56,1.00
2016.11.01 09:16:06.182,1.20917,1.20931,1.00,1.00
2016.11.01 09:16:06.288,1.20914,1.20931,1.00,1.00
2016.11.01 09:16:06.339,1.20914,1.20929,1.00,1.00
2016.11.01 09:16:06.943,1.20914,1.2093,1.00,1.00
2016.11.01 09:16:07.273,1.20915,1.20933,1.00,1.50
2016.11.01 09:16:07.353,1.20914,1.20931,1.00,1.00
2016.11.01 09:16:08.344,1.20914,1.2093,1.00,1.00
2016.11.01 09:16:08.935,1.20912,1.2093,1.75,1.00
2016.11.01 09:16:09.379,1.20911,1.20928,2.25,1.00
2016.11.01 09:16:09.480,1.20907,1.20926,2.25,2.00
2016.11.01 09:16:09.988,1.20907,1.20924,1.75,1.00
2016.11.01 09:16:10.294,1.20904,1.20924,1.50,1.00
2016.11.01 09:16:10.852,1.20905,1.20925,1.12,1.12
2016.11.01 09:16:11.786,1.20906,1.20925,1.00,1.12
2016.11.01 09:16:13.159,1.20904,1.20923,1.50,1.00
2016.11.01 09:16:14.343,1.20906,1.20923,1.00,1.00
2016.11.01 09:16:14.547,1.20905,1.20925,1.12,1.12
2016.11.01 09:16:14.650,1.20906,1.20923,1.00,1.00
2016.11.01 09:16:15.574,1.20905,1.20923,1.12,1.00
2016.11.01 09:16:16.104,1.20906,1.20925,1.00,2.62
2016.11.01 09:16:16.853,1.20905,1.20922,1.37,1.00
2016.11.01 09:16:17.108,1.20904,1.20922,1.00,1.00
2016.11.01 09:16:18.335,1.20904,1.20922,1.00,1.56
2016.11.01 09:16:18.542,1.20904,1.20922,1.00,1.00
2016.11.01 09:16:19.392,1.20904,1.20921,1.00,1.00
2016.11.01 09:16:20.255,1.20898,1.20918,4.12,1.00
2016.11.01 09:16:20.307,1.20898,1.20918,1.50,1.00
2016.11.01 09:16:20.561,1.209,1.20919,1.12,2.62
2016.11.01 09:16:21.101,1.209,1.20918,1.12,1.87
2016.11.01 09:16:21.152,1.209,1.20919,1.12,1.56
2016.11.01 09:16:21.771,1.20901,1.20919,1.00,1.56
2016.11.01 09:16:22.044,1.20901,1.20917,1.00,1.87
2016.11.01 09:16:22.564,1.20901,1.20919,1.00,1.31
2016.11.01 09:16:23.776,1.20901,1.20918,1.00,1.87
2016.11.01 09:16:24.283,1.20901,1.20919,1.50,2.62
2016.11.01 09:16:24.542,1.20901,1.20919,1.50,1.00
2016.11.01 09:16:24.755,1.20901,1.20919,1.87,1.00
2016.11.01 09:16:25.398,1.20905,1.2092,1.00,1.56
2016.11.01 09:16:26.394,1.20905,1.20921,1.00,1.00
2016.11.01 09:16:26.598,1.20906,1.20923,1.50,1.31
2016.11.01 09:16:26.649,1.20906,1.20923,1.50,1.56
2016.11.01 09:16:28.037,1.20906,1.20922,1.50,1.00
2016.11.01 09:16:28.694,1.20906,1.20923,1.00,1.31
2016.11.01 09:16:29.150,1.20906,1.2092,1.00,2.25
2016.11.01 09:16:30.057,1.20906,1.20919,1.00,2.25
2016.11.01 09:16:30.159,1.20906,1.20921,1.00,2.25
2016.11.01 09:16:30.842,1.20906,1.2092,1.00,2.25
2016.11.01 09:16:31.158,1.20906,1.20921,1.00,1.56
2016.11.01 09:16:31.209,1.20902,1.2092,1.50,1.56
2016.11.01 09:16:31.766,1.20903,1.20918,1.37,2.25
2016.11.01 09:16:31.870,1.20903,1.20921,1.37,1.56
2016.11.01 09:16:31.972,1.20903,1.20919,1.37,1.87
2016.11.01 09:16:32.277,1.20903,1.20917,1.37,2.25
2016.11.01 09:16:32.813,1.20902,1.2092,1.50,1.56
2016.11.01 09:16:33.327,1.20902,1.2092,1.50,1.56
2016.11.01 09:16:34.118,1.20901,1.20921,2.25,1.56
2016.11.01 09:16:34.248,1.20901,1.20917,2.25,2.25
2016.11.01 09:16:34.350,1.20901,1.20921,2.25,1.56
2016.11.01 09:16:34.451,1.20902,1.20917,1.50,2.25
2016.11.01 09:16:34.613,1.20902,1.20921,1.50,1.56
2016.11.01 09:16:34.816,1.20902,1.20917,1.50,2.25
2016.11.01 09:16:35.349,1.20903,1.20919,1.37,1.94
2016.11.01 09:16:35.711,1.20906,1.20919,1.00,1.94
2016.11.01 09:16:36.016,1.20905,1.20921,1.00,1.00
2016.11.01 09:16:36.542,1.20901,1.20921,1.75,1.25
2016.11.01 09:16:36.694,1.20906,1.20922,1.00,1.31
2016.11.01 09:16:37.600,1.20903,1.20923,1.37,2.06
2016.11.01 09:16:37.702,1.20906,1.20922,1.00,1.31
2016.11.01 09:16:38.057,1.20903,1.20919,1.00,1.50
2016.11.01 09:16:38.565,1.20903,1.2092,1.00,1.50
2016.11.01 09:16:38.617,1.20901,1.20922,1.50,3.19
2016.11.01 09:16:38.671,1.20901,1.20919,1.50,1.50
2016.11.01 09:16:38.815,1.20901,1.20919,1.50,1.19
2016.11.01 09:16:39.352,1.20901,1.2092,1.50,1.19
2016.11.01 09:16:39.721,1.20901,1.20915,1.00,1.00
2016.11.01 09:16:39.823,1.20897,1.20915,1.12,1.19
2016.11.01 09:16:40.026,1.20897,1.20917,1.00,1.19
2016.11.01 09:16:40.127,1.20901,1.20914,1.00,2.25
2016.11.01 09:16:40.630,1.209,1.20914,1.00,3.00
2016.11.01 09:16:41.442,1.209,1.20915,1.00,3.75
2016.11.01 09:16:43.698,1.20894,1.20914,1.75,2.25
2016.11.01 09:16:44.091,1.20901,1.20915,1.00,1.19
2016.11.01 09:16:44.395,1.20901,1.20913,1.00,1.87
2016.11.01 09:16:44.677,1.20895,1.20913,1.50,1.50
2016.11.01 09:16:44.946,1.20895,1.20911,1.50,2.62
2016.11.01 09:16:45.048,1.20891,1.20909,1.50,1.00
2016.11.01 09:16:45.099,1.20891,1.20907,1.00,1.00
2016.11.01 09:16:45.622,1.2089,1.20907,1.00,1.00
2016.11.01 09:16:45.880,1.209,1.20918,1.00,2.02
2016.11.01 09:16:45.931,1.20905,1.20918,1.00,1.20
2016.11.01 09:16:45.982,1.20905,1.20921,1.00,1.12
2016.11.01 09:16:46.134,1.20905,1.20916,1.00,1.00
2016.11.01 09:16:46.443,1.20905,1.20919,1.00,1.00
2016.11.01 09:16:46.952,1.20905,1.2092,1.00,1.25
2016.11.01 09:16:47.003,1.20905,1.20918,1.00,1.00
2016.11.01 09:16:47.548,1.20905,1.20917,1.00,1.00
2016.11.01 09:16:48.098,1.2091,1.20917,1.00,1.00
2016.11.01 09:16:48.303,1.20905,1.20921,1.00,1.25
2016.11.01 09:16:48.750,1.20905,1.20923,1.00,1.00
2016.11.01 09:16:49.157,1.2091,1.20922,1.00,1.00
2016.11.01 09:16:49.736,1.20907,1.20927,1.12,1.31
2016.11.01 09:16:49.788,1.20909,1.20927,1.00,1.19
2016.11.01 09:16:50.093,1.20911,1.20928,1.12,1.19
2016.11.01 09:16:50.462,1.20911,1.20927,1.12,1.19
2016.11.01 09:16:51.659,1.20908,1.20926,1.75,1.19
2016.11.01 09:16:52.847,1.20911,1.20925,1.00,1.19
2016.11.01 09:16:53.367,1.20911,1.20925,1.00,1.25
2016.11.01 09:16:53.871,1.20911,1.20925,1.00,1.19
2016.11.01 09:16:54.328,1.20905,1.20925,1.50,1.19
2016.11.01 09:16:54.878,1.20905,1.20925,1.50,1.19
2016.11.01 09:16:55.068,1.2091,1.20923,1.00,1.25
2016.11.01 09:16:55.400,1.20906,1.20923,1.87,1.25
2016.11.01 09:16:55.917,1.20906,1.20921,1.37,1.00
2016.11.01 09:16:56.294,1.20911,1.20922,1.00,1.19
2016.11.01 09:16:56.815,1.20911,1.20923,1.00,1.19
2016.11.01 09:16:57.921,1.20911,1.20924,1.00,1.25
2016.11.01 09:16:57.972,1.20906,1.20924,1.37,1.25
2016.11.01 09:16:58.261,1.20906,1.20921,1.37,1.00
2016.11.01 09:17:01.548,1.20906,1.20921,1.00,1.00
2016.11.01 09:17:02.092,1.20905,1.20921,1.00,1.00
2016.11.01 09:17:02.346,1.20904,1.20923,1.12,1.12
2016.11.01 09:17:02.954,1.20904,1.20923,1.12,1.19
2016.11.01 09:17:03.479,1.20905,1.20923,1.00,1.25
2016.11.01 09:17:04.926,1.20906,1.20923,1.00,1.25
2016.11.01 09:17:05.384,1.2091,1.20927,1.00,1.12
2016.11.01 09:17:05.537,1.2091,1.20928,1.00,1.00
2016.11.01 09:17:06.056,1.20911,1.20927,1.00,1.00
2016.11.01 09:17:06.649,1.20911,1.20928,1.00,1.00
2016.11.01 09:17:07.383,1.20908,1.20919,1.75,1.00
2016.11.01 09:17:07.586,1.20895,1.2091,1.37,1.00
2016.11.01 09:17:07.637,1.20895,1.2091,1.00,1.00
2016.11.01 09:17:08.055,1.20895,1.20912,1.50,1.00
2016.11.01 09:17:08.360,1.20897,1.20914,1.00,1.00
2016.11.01 09:17:09.161,1.20895,1.20912,1.87,1.00
2016.11.01 09:17:09.465,1.20891,1.20905,1.00,1.00
2016.11.01 09:17:10.067,1.20891,1.20908,1.00,1.75
2016.11.01 09:17:10.220,1.20891,1.20909,1.00,1.00
2016.11.01 09:17:10.473,1.20896,1.2091,1.00,1.50
2016.11.01 09:17:10.786,1.20891,1.20907,1.00,1.12
2016.11.01 09:17:11.148,1.20891,1.20909,1.00,1.00
2016.11.01 09:17:11.656,1.2089,1.20908,1.00,1.00
2016.11.01 09:17:11.980,1.2089,1.20906,1.00,1.00
2016.11.01 09:17:12.815,1.2089,1.20905,1.00,1.00
2016.11.01 09:17:13.365,1.20901,1.20908,1.00,1.37
2016.11.01 09:17:13.416,1.20901,1.2091,1.00,1.00
2016.11.01 09:17:13.467,1.20895,1.2091,1.00,1.00
2016.11.01 09:17:13.620,1.20895,1.20908,1.00,1.00
2016.11.01 09:17:13.671,1.20891,1.20907,1.00,1.00
2016.11.01 09:17:13.871,1.20891,1.20906,1.00,1.37
2016.11.01 09:17:16.000,1.20891,1.20904,1.00,1.00
2016.11.01 09:17:16.565,1.20891,1.20906,1.00,1.50
2016.11.01 09:17:17.183,1.2089,1.20907,1.00,1.75
2016.11.01 09:17:17.319,1.2089,1.20909,1.00,1.12
2016.11.01 09:17:17.827,1.2089,1.20908,1.00,1.00
2016.11.01 09:17:18.429,1.2089,1.20906,1.00,1.00
2016.11.01 09:17:18.937,1.2089,1.20905,1.00,1.00
2016.11.01 09:17:19.243,1.20896,1.20908,1.00,1.00
2016.11.01 09:17:20.606,1.20895,1.20908,1.00,1.00
2016.11.01 09:17:21.571,1.20895,1.20907,1.00,1.00
2016.11.01 09:17:22.593,1.20895,1.20908,1.00,1.00
2016.11.01 09:17:23.810,1.20896,1.20908,1.00,1.00
2016.11.01 09:17:24.618,1.20896,1.20907,1.00,1.00
2016.11.01 09:17:25.398,1.209,1.20912,1.00,1.12
2016.11.01 09:17:25.603,1.20894,1.20912,1.00,1.56
2016.11.01 09:17:25.705,1.20896,1.20908,1.00,1.00
2016.11.01 09:17:25.908,1.20891,1.20909,1.00,1.50
2016.11.01 09:17:26.629,1.20891,1.20907,1.00,1.00
2016.11.01 09:17:27.196,1.2089,1.20907,1.00,1.00
2016.11.01 09:17:27.595,1.20891,1.2091,1.00,2.06
2016.11.01 09:17:27.699,1.20895,1.2091,1.00,2.06
2016.11.01 09:17:27.801,1.2089,1.2091,1.00,2.06
2016.11.01 09:17:27.904,1.2089,1.20908,1.00,1.37
2016.11.01 09:17:28.210,1.20895,1.20905,1.00,1.00
2016.11.01 09:17:28.515,1.2089,1.20906,1.00,1.69
2016.11.01 09:17:28.721,1.20886,1.20903,1.00,1.00
2016.11.01 09:17:29.088,1.20887,1.20906,1.00,1.50
2016.11.01 09:17:29.189,1.2089,1.20906,1.00,1.12
2016.11.01 09:17:29.498,1.20886,1.20904,1.00,1.00
2016.11.01 09:17:29.802,1.20891,1.20904,1.00,1.00
2016.11.01 09:17:29.954,1.20891,1.20906,1.00,1.12
2016.11.01 09:17:30.106,1.20885,1.20905,1.12,1.31
2016.11.01 09:17:30.309,1.20885,1.20905,1.00,2.81
2016.11.01 09:17:31.021,1.20886,1.20905,1.00,1.75
2016.11.01 09:17:31.379,1.2089,1.20905,1.00,2.06
2016.11.01 09:17:31.430,1.20886,1.20905,1.00,2.06
2016.11.01 09:17:34.515,1.20891,1.20904,1.00,1.50
2016.11.01 09:17:35.016,1.20891,1.20904,1.00,1.00
2016.11.01 09:17:37.901,1.20891,1.20901,1.00,1.00
2016.11.01 09:17:38.004,1.20886,1.209,1.12,1.31
2016.11.01 09:17:40.803,1.20886,1.20901,1.00,1.00
2016.11.01 09:17:41.544,1.20886,1.20903,1.00,1.56
2016.11.01 09:17:42.113,1.20886,1.20901,1.00,1.00
2016.11.01 09:17:42.315,1.20886,1.20901,1.00,1.56
2016.11.01 09:17:42.726,1.20886,1.20901,1.00,1.00
2016.11.01 09:17:42.829,1.20886,1.20899,1.00,1.00
2016.11.01 09:17:43.349,1.20885,1.20899,1.00,1.00
2016.11.01 09:17:43.851,1.20885,1.20904,1.00,1.56
2016.11.01 09:17:44.010,1.20891,1.20902,1.00,1.31
2016.11.01 09:17:44.330,1.20891,1.20901,1.00,1.56
2016.11.01 09:17:44.776,1.20891,1.20901,1.00,1.00
2016.11.01 09:17:45.011,1.20885,1.20901,1.00,1.50
2016.11.01 09:17:45.552,1.20886,1.20901,1.00,1.50
2016.11.01 09:17:46.114,1.20885,1.20901,1.00,1.50
2016.11.01 09:17:46.625,1.20886,1.20901,1.00,1.25
2016.11.01 09:17:48.317,1.20885,1.20901,1.00,1.00
2016.11.01 09:17:49.422,1.20885,1.209,1.00,1.00
2016.11.01 09:17:53.462,1.20885,1.20898,1.00,1.00
2016.11.01 09:17:53.971,1.20886,1.20899,1.00,1.00
2016.11.01 09:17:54.508,1.20885,1.20899,1.00,1.00
2016.11.01 09:17:58.335,1.20886,1.20899,1.00,1.00
2016.11.01 09:17:58.676,1.2089,1.20899,1.00,1.00
2016.11.01 09:17:58.982,1.20896,1.20904,1.00,1.00
2016.11.01 09:17:59.500,1.20895,1.20904,1.00,1.00
2016.11.01 09:17:59.922,1.20895,1.20906,1.00,1.00
2016.11.01 09:18:00.176,1.20895,1.20909,1.00,1.00
2016.11.01 09:18:00.272,1.20901,1.20909,1.00,1.00
2016.11.01 09:18:00.577,1.20901,1.20909,1.00,1.50
2016.11.01 09:18:01.117,1.209,1.20909,1.00,1.50
2016.11.01 09:18:01.721,1.209,1.20909,1.00,1.25
2016.11.01 09:18:02.487,1.20896,1.20909,1.00,1.25
2016.11.01 09:18:02.538,1.20896,1.20909,1.00,1.81
2016.11.01 09:18:02.867,1.209,1.20908,1.00,1.75
2016.11.01 09:18:02.969,1.20901,1.20909,1.00,1.00
2016.11.01 09:18:03.071,1.20901,1.20914,1.00,2.19
2016.11.01 09:18:03.225,1.20901,1.20916,1.00,2.00
2016.11.01 09:18:03.277,1.20896,1.20913,3.00,1.00
2016.11.01 09:18:03.329,1.20896,1.20913,3.00,1.50
2016.11.01 09:18:03.381,1.20896,1.20909,1.00,1.00
2016.11.01 09:18:03.535,1.20896,1.20907,1.00,1.75
2016.11.01 09:18:03.586,1.20888,1.20905,1.12,1.50
2016.11.01 09:18:03.637,1.20888,1.20905,1.00,2.56
2016.11.01 09:18:03.942,1.20891,1.20902,1.00,1.50
2016.11.01 09:18:04.262,1.20891,1.20902,1.00,2.19
2016.11.01 09:18:04.853,1.20891,1.20902,1.00,1.56
2016.11.01 09:18:05.130,1.20891,1.20902,1.00,1.56
2016.11.01 09:18:05.450,1.20891,1.20903,1.00,1.31
2016.11.01 09:18:06.156,1.2089,1.20904,1.00,1.56
2016.11.01 09:18:07.128,1.2089,1.20904,1.00,1.56
2016.11.01 09:18:07.768,1.20891,1.20904,1.00,1.56
2016.11.01 09:18:08.444,1.20891,1.20904,1.00,1.56
2016.11.01 09:18:09.532,1.20891,1.20904,1.00,1.56
2016.11.01 09:18:10.040,1.2089,1.20904,1.00,1.81
2016.11.01 09:18:10.759,1.2089,1.20906,1.00,1.81
2016.11.01 09:18:10.861,1.20895,1.20908,1.00,1.56
2016.11.01 09:18:10.963,1.20895,1.20908,1.00,1.56
2016.11.01 09:18:11.466,1.20895,1.20908,1.00,1.00
2016.11.01 09:18:12.599,1.20895,1.20909,1.00,1.12
2016.11.01 09:18:12.853,1.20896,1.2091,1.00,1.81
2016.11.01 09:18:13.394,1.20896,1.20909,1.00,1.56
2016.11.01 09:18:13.661,1.20896,1.2091,1.00,1.31
2016.11.01 09:18:13.969,1.20895,1.20908,1.00,1.00
2016.11.01 09:18:14.523,1.20895,1.20909,1.00,1.00
2016.11.01 09:18:16.276,1.20896,1.2091,1.00,1.00
2016.11.01 09:18:16.378,1.20892,1.20909,1.00,1.00
2016.11.01 09:18:16.481,1.20895,1.20909,1.00,1.50
2016.11.01 09:18:16.669,1.20895,1.20911,1.00,1.00
2016.11.01 09:18:16.771,1.20896,1.20911,1.00,1.56
2016.11.01 09:18:16.975,1.20896,1.20911,1.00,1.00
2016.11.01 09:18:17.891,1.20896,1.20912,1.00,1.31
2016.11.01 09:18:18.207,1.209,1.20912,1.00,1.31
2016.11.01 09:18:19.603,1.20901,1.20913,1.00,1.56
2016.11.01 09:18:20.123,1.20901,1.20911,1.00,1.00
2016.11.01 09:18:20.275,1.20895,1.20912,2.25,1.00
2016.11.01 09:18:21.048,1.20896,1.20912,1.00,1.56
2016.11.01 09:18:21.587,1.20895,1.20912,1.50,1.31
2016.11.01 09:18:23.591,1.20896,1.20913,1.00,1.00
2016.11.01 09:18:24.621,1.20896,1.20912,1.00,1.00
2016.11.01 09:18:25.027,1.209,1.20912,1.00,1.00
2016.11.01 09:18:25.559,1.20901,1.20912,1.00,1.31
2016.11.01 09:18:25.713,1.20901,1.20914,1.00,1.12
2016.11.01 09:18:26.120,1.20897,1.20914,1.00,1.12
2016.11.01 09:18:26.645,1.20898,1.20917,1.00,2.44
2016.11.01 09:18:26.718,1.209,1.20917,1.00,2.44
2016.11.01 09:18:27.023,1.209,1.20912,1.00,1.56
2016.11.01 09:18:27.429,1.20896,1.20912,1.00,1.31
2016.11.01 09:18:28.016,1.20895,1.20912,1.50,1.31
2016.11.01 09:18:28.541,1.20896,1.20912,1.00,1.31
2016.11.01 09:18:29.126,1.20895,1.20912,1.50,1.31
2016.11.01 09:18:30.597,1.20897,1.20916,1.00,1.75
2016.11.01 09:18:31.250,1.209,1.20916,1.00,1.75
2016.11.01 09:18:31.771,1.209,1.20913,1.00,1.00
2016.11.01 09:18:31.873,1.20896,1.20913,1.00,1.00
2016.11.01 09:18:34.308,1.20896,1.20915,1.50,1.50
2016.11.01 09:18:35.324,1.20895,1.20913,1.00,1.00
2016.11.01 09:18:35.426,1.20895,1.2091,1.00,1.00
2016.11.01 09:18:36.310,1.20895,1.20911,1.00,1.00
2016.11.01 09:18:36.634,1.20896,1.20913,3.75,1.00
2016.11.01 09:18:36.939,1.209,1.20915,1.07,1.00
2016.11.01 09:18:37.040,1.20901,1.20917,1.00,1.00
2016.11.01 09:18:37.142,1.20901,1.20914,1.00,1.00
2016.11.01 09:18:37.295,1.20896,1.20912,1.37,1.00
2016.11.01 09:18:37.346,1.20895,1.20911,1.00,1.00
2016.11.01 09:18:38.243,1.20896,1.20913,1.00,1.00
2016.11.01 09:18:38.544,1.20896,1.20915,1.00,1.12
2016.11.01 09:18:40.150,1.20897,1.20916,1.00,1.37
2016.11.01 09:18:40.253,1.20905,1.20918,1.00,1.12
2016.11.01 09:18:40.304,1.20905,1.20921,1.00,1.50
2016.11.01 09:18:40.356,1.20905,1.20923,1.50,1.75
2016.11.01 09:18:40.458,1.20905,1.20924,1.50,1.00
2016.11.01 09:18:41.037,1.20905,1.20922,1.00,1.00
2016.11.01 09:18:41.550,1.20906,1.20923,1.00,1.00
2016.11.01 09:18:42.019,1.20906,1.20921,1.00,1.00
2016.11.01 09:18:42.668,1.20905,1.20921,1.00,1.00
2016.11.01 09:18:42.972,1.20906,1.20919,1.00,1.00
2016.11.01 09:18:43.074,1.20901,1.20917,1.00,1.00
2016.11.01 09:18:43.593,1.20901,1.20918,1.00,1.00
2016.11.01 09:18:44.122,1.20901,1.20919,1.00,1.00
2016.11.01 09:18:44.846,1.20901,1.2092,1.50,1.00
2016.11.01 09:18:45.357,1.20901,1.20919,1.00,1.00
2016.11.01 09:18:45.867,1.20901,1.2092,1.50,1.00
2016.11.01 09:18:46.377,1.209,1.2092,1.87,1.00
2016.11.01 09:18:46.916,1.20901,1.2092,1.00,1.00
2016.11.01 09:18:47.174,1.209,1.20918,1.12,1.00
2016.11.01 09:18:47.683,1.209,1.20917,1.87,1.00
2016.11.01 09:18:48.219,1.209,1.20918,1.12,1.00
2016.11.01 09:18:48.747,1.209,1.20917,1.12,1.00
2016.11.01 09:18:49.293,1.209,1.20918,1.12,1.00
2016.11.01 09:18:49.856,1.209,1.20917,1.12,1.00
2016.11.01 09:18:50.423,1.209,1.20918,1.12,1.00
2016.11.01 09:18:50.932,1.209,1.20917,1.12,1.00
2016.11.01 09:18:51.467,1.209,1.20918,1.12,1.00
2016.11.01 09:18:52.018,1.20901,1.20918,1.00,1.00
2016.11.01 09:18:52.568,1.209,1.20917,1.87,1.00
2016.11.01 09:18:53.173,1.20901,1.20918,1.00,1.00
2016.11.01 09:18:53.508,1.20896,1.20914,1.75,1.00
2016.11.01 09:18:54.038,1.20901,1.20914,1.00,1.00
2016.11.01 09:18:54.676,1.20901,1.20915,1.00,1.00
2016.11.01 09:18:55.688,1.20901,1.20916,1.00,1.00
2016.11.01 09:18:56.887,1.20901,1.20914,1.00,1.00
2016.11.01 09:18:57.412,1.20896,1.20914,2.25,1.00
2016.11.01 09:19:00.289,1.20901,1.20914,1.00,1.00
2016.11.01 09:19:00.912,1.20896,1.20914,1.75,1.00
2016.11.01 09:19:03.529,1.20896,1.20914,1.75,1.00
2016.11.01 09:19:03.841,1.20895,1.20912,3.00,1.00
2016.11.01 09:19:08.160,1.20896,1.20913,1.75,1.00
2016.11.01 09:19:08.569,1.20895,1.2091,1.87,1.00
2016.11.01 09:19:08.880,1.20901,1.20913,1.00,1.00
2016.11.01 09:19:09.084,1.20896,1.20909,1.12,1.00
2016.11.01 09:19:09.223,1.20896,1.20907,1.00,1.00
2016.11.01 09:19:09.275,1.20891,1.20907,1.37,1.00
2016.11.01 09:19:09.327,1.20891,1.20907,1.00,1.00
2016.11.01 09:19:09.818,1.20896,1.20907,1.00,1.00
2016.11.01 09:19:11.618,1.2089,1.20907,1.87,1.00
2016.11.01 09:19:11.720,1.20896,1.20907,1.00,1.00
2016.11.01 09:19:12.257,1.20896,1.20906,1.00,1.00
2016.11.01 09:19:12.759,1.20896,1.20907,1.00,1.00
2016.11.01 09:19:13.880,1.20896,1.20905,1.00,1.00
2016.11.01 09:19:15.790,1.2089,1.20905,1.12,1.00
2016.11.01 09:19:16.366,1.20887,1.20904,1.75,1.00
2016.11.01 09:19:17.892,1.20887,1.20904,1.50,1.00
2016.11.01 09:19:17.943,1.20887,1.20904,1.12,1.00
2016.11.01 09:19:18.468,1.20886,1.20905,2.25,1.00
2016.11.01 09:19:30.502,1.20887,1.20906,1.12,1.00
2016.11.01 09:19:32.120,1.20887,1.20904,1.12,1.00
2016.11.01 09:19:34.518,1.20888,1.20905,1.00,1.00
2016.11.01 09:19:38.669,1.20887,1.20905,1.12,1.00
2016.11.01 09:19:39.399,1.20887,1.20906,1.12,1.50
2016.11.01 09:19:39.942,1.20886,1.20905,1.50,1.00
2016.11.01 09:19:41.303,1.20886,1.20905,1.50,1.00
2016.11.01 09:19:41.507,1.20896,1.20914,1.50,1.31
2016.11.01 09:19:41.558,1.20896,1.20912,1.50,1.56
2016.11.01 09:19:41.872,1.20896,1.2091,1.00,1.56
2016.11.01 09:19:42.227,1.20893,1.20907,1.00,1.31
2016.11.01 09:19:42.379,1.20893,1.20909,1.50,1.31
2016.11.01 09:19:42.480,1.20893,1.2091,1.00,3.75
2016.11.01 09:19:42.582,1.20893,1.20909,1.00,1.56
2016.11.01 09:19:42.633,1.20896,1.20909,1.00,1.56
2016.11.01 09:19:42.856,1.20893,1.20909,1.00,1.56
2016.11.01 09:19:43.365,1.20894,1.20909,1.00,1.56
2016.11.01 09:19:43.669,1.20892,1.20909,1.00,1.56
2016.11.01 09:19:44.799,1.20892,1.20909,1.00,1.31
2016.11.01 09:19:45.770,1.20894,1.20911,1.00,1.56
2016.11.01 09:19:46.523,1.20895,1.20911,1.00,1.56
2016.11.01 09:19:47.082,1.20895,1.20912,1.00,1.31
2016.11.01 09:19:47.644,1.20895,1.20912,1.00,1.56
2016.11.01 09:19:47.846,1.20901,1.2091,1.00,1.00
2016.11.01 09:19:47.897,1.20902,1.20917,1.00,2.06
2016.11.01 09:19:48.050,1.20902,1.20917,1.12,3.37
2016.11.01 09:19:48.550,1.20902,1.20918,1.00,3.00
2016.11.01 09:19:48.601,1.20899,1.20916,1.50,1.56
2016.11.01 09:19:49.499,1.20895,1.20913,2.25,1.00
2016.11.01 09:19:49.652,1.20895,1.20913,1.50,1.00
2016.11.01 09:19:50.159,1.20895,1.20912,1.50,1.00
2016.11.01 09:19:50.668,1.20896,1.20913,1.50,1.00
2016.11.01 09:19:50.972,1.20894,1.20913,1.00,1.56
2016.11.01 09:19:51.124,1.20891,1.2091,1.50,1.31
2016.11.01 09:19:51.583,1.20891,1.20909,1.00,1.56
2016.11.01 09:19:51.888,1.20895,1.20913,1.50,1.31
2016.11.01 09:19:51.990,1.20895,1.20915,1.87,1.56
2016.11.01 09:19:52.395,1.20897,1.20916,1.00,1.69
2016.11.01 09:19:52.603,1.20897,1.20916,1.00,1.69
2016.11.01 09:19:53.128,1.20896,1.20916,1.00,1.69
2016.11.01 09:19:53.179,1.20901,1.20916,1.00,1.69
2016.11.01 09:19:53.923,1.20901,1.20916,1.00,1.69
2016.11.01 09:19:57.593,1.20901,1.20917,1.00,1.94
2016.11.01 09:19:57.645,1.20896,1.20917,1.50,1.94
2016.11.01 09:20:00.116,1.20895,1.20913,1.87,1.00
2016.11.01 09:20:00.421,1.20896,1.20912,1.00,1.56
2016.11.01 09:20:00.760,1.20896,1.20912,1.00,1.00
2016.11.01 09:20:01.115,1.20896,1.2091,1.00,1.00
2016.11.01 09:20:01.319,1.20896,1.20912,1.00,1.00
2016.11.01 09:20:01.739,1.20896,1.20914,1.00,1.00
2016.11.01 09:20:02.282,1.20895,1.20914,1.50,1.12
2016.11.01 09:20:02.333,1.20895,1.20912,1.50,1.00
2016.11.01 09:20:02.873,1.20896,1.20912,1.00,1.00
2016.11.01 09:20:04.537,1.20896,1.20911,1.00,1.00
2016.11.01 09:20:05.144,1.20896,1.2091,1.00,1.00
2016.11.01 09:20:05.697,1.20891,1.2091,1.87,1.00
2016.11.01 09:20:06.071,1.20896,1.2091,1.00,1.00
2016.11.01 09:20:06.375,1.20892,1.20911,1.00,1.00
2016.11.01 09:20:06.426,1.2089,1.20905,1.50,1.00
2016.11.01 09:20:06.602,1.20885,1.20902,2.25,1.50
2016.11.01 09:20:06.704,1.20885,1.20902,1.50,1.87
2016.11.01 09:20:07.881,1.20886,1.20902,1.00,1.37
2016.11.01 09:20:10.061,1.20888,1.20905,1.00,1.12
2016.11.01 09:20:10.264,1.20886,1.20906,1.50,1.50
2016.11.01 09:20:10.748,1.20885,1.20902,1.50,1.00
2016.11.01 09:20:11.281,1.20886,1.20902,1.00,1.00
2016.11.01 09:20:14.169,1.20885,1.20902,1.00,1.00
2016.11.01 09:20:15.571,1.20886,1.20902,1.00,1.00
2016.11.01 09:20:16.102,1.20885,1.20902,1.00,1.00
2016.11.01 09:20:16.772,1.20888,1.20905,1.00,1.00
2016.11.01 09:20:16.874,1.20889,1.20908,1.12,1.00
2016.11.01 09:20:17.057,1.20895,1.2091,1.00,1.00
2016.11.01 09:20:17.210,1.20895,1.20912,1.00,1.50
2016.11.01 09:20:17.261,1.20893,1.20911,1.00,1.00
2016.11.01 09:20:17.363,1.20887,1.20905,3.15,1.00
2016.11.01 09:20:17.414,1.20887,1.20905,1.27,1.00
2016.11.01 09:20:17.516,1.20886,1.20905,1.50,1.00
2016.11.01 09:20:17.784,1.20887,1.20903,1.00,1.50
2016.11.01 09:20:17.988,1.20887,1.20904,1.00,1.00
2016.11.01 09:20:18.039,1.20887,1.20906,1.00,1.87
2016.11.01 09:20:20.929,1.20887,1.20905,1.00,1.00
2016.11.01 09:20:20.981,1.20886,1.20903,1.00,1.00
2016.11.01 09:20:21.315,1.20883,1.209,1.00,1.00
2016.11.01 09:20:21.366,1.2088,1.20899,2.25,1.00
2016.11.01 09:20:21.621,1.20882,1.20901,1.00,1.00
2016.11.01 09:20:22.145,1.20883,1.20902,1.00,1.12
2016.11.01 09:20:23.277,1.20883,1.209,1.00,1.00
2016.11.01 09:20:25.683,1.20881,1.209,1.00,1.00
2016.11.01 09:20:25.986,1.20881,1.20897,1.00,1.00
2016.11.01 09:20:26.462,1.20881,1.20899,1.00,1.00
2016.11.01 09:20:26.513,1.20885,1.20899,1.00,1.00
2016.11.01 09:20:26.564,1.20885,1.20901,1.00,1.00
2016.11.01 09:20:26.666,1.20885,1.20904,1.00,1.00
2016.11.01 09:20:26.717,1.20891,1.20904,1.00,1.00
2016.11.01 09:20:27.021,1.20886,1.20905,1.12,1.00
2016.11.01 09:20:29.067,1.20887,1.20906,1.00,1.00
2016.11.01 09:20:33.620,1.20891,1.20906,1.00,1.00
2016.11.01 09:20:33.823,1.20896,1.20913,1.00,1.00
2016.11.01 09:20:34.330,1.20895,1.20913,1.00,1.00
2016.11.01 09:20:34.381,1.20895,1.2091,1.00,1.00
2016.11.01 09:20:35.728,1.20896,1.2091,1.00,1.00
2016.11.01 09:20:36.334,1.20896,1.20911,1.00,1.00
2016.11.01 09:20:36.949,1.20892,1.20911,1.50,1.00
2016.11.01 09:20:37.001,1.20891,1.20905,1.37,1.00
2016.11.01 09:20:37.053,1.20889,1.20905,1.00,1.00
2016.11.01 09:20:37.104,1.2089,1.20907,1.00,1.00
2016.11.01 09:20:37.611,1.20891,1.20908,1.00,1.12
2016.11.01 09:20:37.712,1.20889,1.20908,1.00,1.12
2016.11.01 09:20:37.923,1.20892,1.20909,1.00,1.37
2016.11.01 09:20:38.228,1.20896,1.20911,1.00,1.12
2016.11.01 09:20:38.744,1.20896,1.2091,1.00,1.00
2016.11.01 09:20:39.317,1.20896,1.20911,1.00,1.12
2016.11.01 09:20:42.843,1.20896,1.20909,1.00,1.00
2016.11.01 09:20:42.944,1.20896,1.20916,1.50,1.37
2016.11.01 09:20:43.100,1.20895,1.2091,1.00,1.00
2016.11.01 09:20:43.860,1.20896,1.2091,1.00,1.00
2016.11.01 09:20:44.425,1.20895,1.2091,1.00,1.00
2016.11.01 09:20:44.954,1.20896,1.2091,1.00,1.00
2016.11.01 09:20:48.322,1.20896,1.20911,1.00,1.12
2016.11.01 09:20:49.572,1.20901,1.20913,1.00,1.75
2016.11.01 09:20:49.674,1.209,1.20917,1.00,1.50
2016.11.01 09:20:49.725,1.20896,1.20913,2.25,1.00
2016.11.01 09:20:49.777,1.20896,1.20913,2.25,1.00
2016.11.01 09:20:49.879,1.20896,1.20913,2.25,1.00
2016.11.01 09:20:50.388,1.20896,1.20912,1.00,1.00
2016.11.01 09:20:50.647,1.20896,1.2091,1.00,1.00
2016.11.01 09:20:51.223,1.20896,1.20909,1.00,1.00
2016.11.01 09:20:51.726,1.20892,1.20909,1.00,1.00
2016.11.01 09:20:52.337,1.20896,1.2091,1.00,1.00
2016.11.01 09:20:53.003,1.20896,1.20911,1.00,1.00
2016.11.01 09:20:53.923,1.20896,1.2091,1.00,1.00
2016.11.01 09:20:54.661,1.20895,1.2091,1.00,1.00
2016.11.01 09:20:55.168,1.20895,1.20911,1.00,1.00
2016.11.01 09:20:56.078,1.20896,1.20911,1.00,1.00
2016.11.01 09:20:59.458,1.20896,1.20912,1.00,1.00
2016.11.01 09:21:00.370,1.20896,1.20911,1.00,1.00
2016.11.01 09:21:00.574,1.20894,1.20911,1.00,1.00
2016.11.01 09:21:00.676,1.2089,1.20904,1.00,1.00
2016.11.01 09:21:00.930,1.20885,1.20901,1.00,1.00
2016.11.01 09:21:01.328,1.20885,1.20904,1.50,1.00
2016.11.01 09:21:01.683,1.20888,1.20905,1.00,1.00
2016.11.01 09:21:03.250,1.20888,1.20907,1.00,1.50
2016.11.01 09:21:03.351,1.20891,1.20907,1.00,1.00
2016.11.01 09:21:03.948,1.20891,1.20908,1.00,1.00
2016.11.01 09:21:04.655,1.2089,1.20907,1.00,1.00
2016.11.01 09:21:04.757,1.20887,1.20905,2.25,1.00
2016.11.01 09:21:05.493,1.20885,1.20903,1.00,1.00
2016.11.01 09:21:05.797,1.20883,1.209,1.12,1.00
2016.11.01 09:21:08.597,1.20884,1.20901,1.00,1.00
2016.11.01 09:21:08.739,1.20885,1.20903,1.00,1.12
2016.11.01 09:21:08.865,1.20887,1.20904,1.00,2.25
2016.11.01 09:21:09.481,1.20884,1.20905,1.00,2.25
2016.11.01 09:21:10.019,1.20885,1.20905,1.00,2.25
2016.11.01 09:21:10.472,1.20886,1.20901,1.00,1.00
2016.11.01 09:21:10.688,1.20883,1.209,1.00,1.00
2016.11.01 09:21:11.216,1.20882,1.20899,1.50,1.00
2016.11.01 09:21:12.493,1.20885,1.20899,1.00,1.00
2016.11.01 09:21:13.174,1.20882,1.20899,1.00,1.00
2016.11.01 09:21:13.720,1.20881,1.20898,1.00,1.00
2016.11.01 09:21:17.420,1.20882,1.20901,1.00,1.50
2016.11.01 09:21:17.472,1.20883,1.20902,1.00,1.37
2016.11.01 09:21:17.978,1.20881,1.209,1.50,1.00
2016.11.01 09:21:18.080,1.20881,1.20898,1.00,1.00
2016.11.01 09:21:18.966,1.20881,1.20897,1.00,1.00
2016.11.01 09:21:21.782,1.20886,1.20899,1.00,1.00
2016.11.01 09:21:21.884,1.20886,1.20903,1.00,1.37
2016.11.01 09:21:22.087,1.20884,1.20903,1.12,1.00
2016.11.01 09:21:22.391,1.20886,1.20903,1.00,1.00
2016.11.01 09:21:23.098,1.20886,1.20902,1.00,1.00
2016.11.01 09:21:23.200,1.20886,1.20905,1.00,1.37
2016.11.01 09:21:23.302,1.20891,1.20904,1.00,1.00
2016.11.01 09:21:23.454,1.20891,1.2091,1.00,1.20
2016.11.01 09:21:23.900,1.20888,1.20907,1.12,1.00
2016.11.01 09:21:24.205,1.2089,1.20907,1.00,1.00
2016.11.01 09:21:24.596,1.20887,1.20904,1.00,1.00
2016.11.01 09:21:24.911,1.2089,1.20907,1.00,1.00
2016.11.01 09:21:25.216,1.20892,1.20909,1.00,1.50
2016.11.01 09:21:25.545,1.20889,1.20906,1.00,1.00
2016.11.01 09:21:26.199,1.20886,1.20905,3.00,1.00
2016.11.01 09:21:26.403,1.20888,1.20907,1.00,1.12
2016.11.01 09:21:26.919,1.20889,1.20906,1.00,1.00
2016.11.01 09:21:27.226,1.20885,1.20901,1.50,1.00
2016.11.01 09:21:27.277,1.20885,1.20901,1.12,1.00
2016.11.01 09:21:27.796,1.20885,1.20905,1.00,2.25
2016.11.01 09:21:28.115,1.20886,1.20904,1.00,1.00
2016.11.01 09:21:28.647,1.20885,1.20903,1.00,1.00
2016.11.01 09:21:29.201,1.20886,1.20903,1.00,1.00
2016.11.01 09:21:29.737,1.20886,1.20902,1.00,1.00
2016.11.01 09:21:30.803,1.20882,1.20902,1.12,1.00
2016.11.01 09:21:30.854,1.20882,1.20899,1.12,1.00
2016.11.01 09:21:31.007,1.20879,1.209,1.12,1.12
2016.11.01 09:21:31.530,1.20884,1.20903,1.00,2.62
2016.11.01 09:21:31.632,1.20885,1.20905,1.00,2.25
2016.11.01 09:21:31.889,1.20891,1.20903,1.00,1.00
2016.11.01 09:21:31.940,1.20891,1.20905,1.00,1.50
2016.11.01 09:21:32.308,1.20886,1.20905,1.87,1.00
2016.11.01 09:21:32.461,1.20886,1.20903,1.12,1.00
2016.11.01 09:21:32.614,1.2088,1.20901,3.00,1.00
2016.11.01 09:21:33.123,1.20882,1.20901,1.00,1.00
2016.11.01 09:21:34.557,1.20881,1.20899,1.00,1.00
2016.11.01 09:21:35.093,1.20881,1.20898,1.00,1.00
2016.11.01 09:21:36.272,1.20881,1.20897,1.00,1.00
2016.11.01 09:21:38.783,1.20882,1.20899,1.00,1.00
2016.11.01 09:21:38.987,1.20882,1.20901,1.00,1.00
2016.11.01 09:21:39.508,1.20881,1.209,1.00,1.00
2016.11.01 09:21:39.761,1.20881,1.20898,1.50,1.00
2016.11.01 09:21:42.176,1.20881,1.20899,1.00,1.00
2016.11.01 09:21:44.102,1.20881,1.20898,1.00,1.00
2016.11.01 09:21:44.718,1.20881,1.20899,1.00,1.00
2016.11.01 09:21:45.073,1.20881,1.20897,1.00,1.00
2016.11.01 09:21:45.258,1.20886,1.20903,1.50,1.69
2016.11.01 09:21:45.766,1.20886,1.20904,1.00,1.31
2016.11.01 09:21:46.404,1.20885,1.20902,1.00,1.00
2016.11.01 09:21:46.943,1.20885,1.20903,1.00,1.00
2016.11.01 09:21:47.483,1.20885,1.20902,1.50,1.00
2016.11.01 09:21:48.367,1.20886,1.20902,1.00,1.00
2016.11.01 09:21:48.600,1.20884,1.20905,1.00,2.06
2016.11.01 09:21:48.702,1.20884,1.20902,1.00,1.00
2016.11.01 09:21:48.762,1.20882,1.20902,1.00,1.00
2016.11.01 09:21:48.863,1.2088,1.20902,1.00,1.12
2016.11.01 09:21:48.914,1.20882,1.20899,1.00,1.00
2016.11.01 09:21:49.706,1.2088,1.20896,1.00,1.00
2016.11.01 09:21:50.213,1.20881,1.20896,1.00,1.00
2016.11.01 09:21:50.624,1.20879,1.20896,1.00,1.00
2016.11.01 09:21:51.149,1.2088,1.20896,1.00,1.00
2016.11.01 09:21:51.668,1.2088,1.20897,1.50,1.00
2016.11.01 09:21:52.173,1.2088,1.20896,1.00,1.00
2016.11.01 09:21:53.152,1.20881,1.20896,1.00,1.00
2016.11.01 09:21:53.462,1.20878,1.20896,1.25,1.00
2016.11.01 09:21:53.564,1.20881,1.20896,1.00,1.00
2016.11.01 09:21:53.771,1.20881,1.20898,1.00,1.87
2016.11.01 09:21:53.829,1.20881,1.20895,1.00,1.00
2016.11.01 09:21:54.223,1.20881,1.20898,1.00,1.12
2016.11.01 09:21:54.375,1.20875,1.20898,3.57,1.12
2016.11.01 09:21:54.428,1.20878,1.20895,1.00,1.00
2016.11.01 09:21:54.744,1.2088,1.20895,1.00,1.00
2016.11.01 09:21:55.258,1.2088,1.20896,1.00,1.00
