2010.03.23 08:00:00.140,1.5966,1.5969,1.70,1.60
2010.03.23 08:00:00.740,1.5966,1.5969,1.00,1.60
2010.03.23 08:00:00.890,1.5966,1.5969,1.00,3.60
2010.03.23 08:00:01.240,1.59655,1.59685,1.70,1.60
2010.03.23 08:00:01.812,1.5965,1.59685,1.00,3.70
2010.03.23 08:00:01.928,1.59655,1.59685,1.00,4.60
2010.03.23 08:00:02.269,1.59655,1.5969,1.00,5.60
2010.03.23 08:00:02.620,1.59635,1.5967,4.30,1.60
2010.03.23 08:00:02.966,1.59635,1.5967,3.30,1.60
2010.03.23 08:00:03.752,1.5964,1.59675,1.00,3.40
2010.03.23 08:00:04.070,1.59635,1.5967,3.30,1.60
2010.03.23 08:00:05.040,1.59635,1.5967,5.30,1.60
2010.03.23 08:00:05.393,1.59635,1.59675,5.30,2.60
2010.03.23 08:00:05.740,1.59635,1.59675,3.30,1.60
2010.03.23 08:00:06.086,1.59635,1.59675,4.10,1.60
2010.03.23 08:00:06.427,1.5964,1.59675,1.00,1.60
2010.03.23 08:00:06.777,1.59635,1.59675,3.30,1.60
2010.03.23 08:00:07.377,1.59635,1.59675,3.20,2.60
2010.03.23 08:00:07.729,1.59635,1.5967,3.20,1.60
2010.03.23 08:00:08.710,1.59635,1.59675,3.30,2.60
2010.03.23 08:00:09.215,1.59635,1.59675,6.10,1.60
2010.03.23 08:00:09.652,1.59635,1.59675,4.10,1.60
2010.03.23 08:00:11.392,1.59635,1.59675,3.30,1.60
2010.03.23 08:00:11.625,1.59635,1.5968,3.20,2.60
2010.03.23 08:00:13.915,1.59645,1.59685,1.70,7.00
2010.03.23 08:00:14.193,1.59645,1.5969,5.20,4.50
2010.03.23 08:00:14.472,1.5965,1.59695,3.20,6.00
2010.03.23 08:00:14.787,1.5965,1.59695,3.20,4.00
2010.03.23 08:00:19.455,1.5965,1.59685,1.60,1.60
2010.03.23 08:00:19.982,1.59645,1.59685,3.60,1.60
2010.03.23 08:00:20.238,1.59645,1.59685,1.60,1.60
2010.03.23 08:00:20.488,1.59645,1.5969,3.20,3.60
2010.03.23 08:00:20.750,1.59645,1.5969,3.20,1.60
2010.03.23 08:00:21.010,1.59645,1.5969,4.00,1.60
2010.03.23 08:00:21.273,1.59645,1.59685,2.50,1.60
2010.03.23 08:00:22.808,1.59645,1.59685,1.70,1.60
2010.03.23 08:00:23.749,1.59645,1.59685,1.60,1.70
2010.03.23 08:00:23.880,1.59645,1.59685,2.40,3.30
2010.03.23 08:00:24.239,1.59645,1.59685,2.40,4.40
2010.03.23 08:00:24.375,1.59645,1.5968,1.60,1.60
2010.03.23 08:00:24.505,1.5965,1.5968,1.00,1.60
2010.03.23 08:00:24.630,1.5965,1.59685,1.00,2.80
2010.03.23 08:00:24.765,1.5965,1.5968,1.00,1.60
2010.03.23 08:00:26.669,1.5965,1.59685,1.00,5.20
2010.03.23 08:00:26.930,1.5965,1.5968,1.00,1.60
2010.03.23 08:00:28.034,1.5965,1.59685,1.00,3.60
2010.03.23 08:00:28.322,1.59655,1.5969,1.70,2.00
2010.03.23 08:00:28.593,1.59655,1.5969,1.00,1.70
2010.03.23 08:00:29.388,1.59655,1.5969,1.00,1.00
2010.03.23 08:00:29.728,1.59655,1.5969,1.00,2.50
2010.03.23 08:00:30.067,1.59655,1.5969,1.00,1.70
2010.03.23 08:00:30.412,1.5967,1.5969,4.00,1.00
2010.03.23 08:00:31.140,1.5967,1.5969,4.00,2.50
2010.03.23 08:00:31.478,1.5967,1.5969,4.00,1.00
2010.03.23 08:00:31.747,1.5967,1.5969,4.00,1.70
2010.03.23 08:00:32.018,1.5967,1.59685,4.00,1.00
2010.03.23 08:00:32.448,1.5967,1.59685,4.00,6.10
2010.03.23 08:00:32.739,1.5967,1.59685,4.00,1.70
2010.03.23 08:00:33.038,1.5967,1.59685,4.00,1.60
2010.03.23 08:00:33.340,1.5967,1.5969,4.00,1.70
2010.03.23 08:00:36.103,1.5967,1.59685,4.00,1.60
2010.03.23 08:00:38.260,1.5967,1.5969,4.00,1.70
2010.03.23 08:00:41.536,1.5967,1.59695,4.00,4.10
2010.03.23 08:00:41.806,1.5967,1.59695,4.00,1.70
2010.03.23 08:00:42.707,1.5967,1.59695,4.00,1.00
2010.03.23 08:00:45.126,1.5967,1.59695,4.00,1.70
2010.03.23 08:00:45.166,1.5967,1.59695,4.00,3.30
2010.03.23 08:00:45.808,1.5967,1.59675,4.00,1.00
2010.03.23 08:00:46.157,1.5965,1.59675,2.00,1.00
2010.03.23 08:00:46.496,1.59645,1.59675,5.60,1.00
2010.03.23 08:00:46.835,1.5965,1.59675,2.00,1.00
2010.03.23 08:00:47.173,1.5965,1.59675,2.80,1.00
2010.03.23 08:00:47.513,1.5965,1.59675,1.00,1.00
2010.03.23 08:00:47.855,1.5965,1.59675,1.00,1.70
2010.03.23 08:00:48.196,1.59645,1.59675,2.00,1.00
2010.03.23 08:00:49.055,1.59645,1.59675,4.00,1.00
2010.03.23 08:00:50.043,1.5965,1.5968,1.00,2.60
2010.03.23 08:00:50.392,1.5965,1.5968,2.10,1.00
2010.03.23 08:00:50.741,1.5967,1.5968,1.00,1.70
2010.03.23 08:00:51.762,1.5967,1.5968,1.00,1.70
2010.03.23 08:00:53.394,1.5967,1.5968,1.00,1.60
2010.03.23 08:00:53.664,1.5967,1.59685,1.00,1.00
2010.03.23 08:01:04.428,1.5967,1.5969,1.00,4.20
2010.03.23 08:01:04.560,1.5967,1.5969,1.00,3.20
2010.03.23 08:01:04.688,1.5967,1.59695,1.00,6.50
2010.03.23 08:01:05.181,1.5967,1.59685,1.00,1.00
2010.03.23 08:01:07.381,1.59635,1.59675,1.60,1.00
2010.03.23 08:01:07.944,1.5963,1.59675,1.00,1.00
2010.03.23 08:01:08.540,1.5966,1.59685,1.00,4.10
2010.03.23 08:01:09.474,1.5966,1.59685,1.00,2.40
2010.03.23 08:01:09.919,1.5967,1.59685,1.00,4.00
2010.03.23 08:01:10.029,1.5967,1.59685,1.00,2.50
2010.03.23 08:01:10.139,1.5967,1.5968,1.00,1.60
2010.03.23 08:01:10.700,1.5967,1.5969,1.00,1.60
2010.03.23 08:01:11.385,1.5967,1.5969,1.00,1.00
2010.03.23 08:01:11.651,1.5967,1.59695,1.00,1.00
2010.03.23 08:01:13.398,1.5967,1.59705,1.00,1.00
2010.03.23 08:01:15.416,1.59675,1.5971,1.00,1.60
2010.03.23 08:01:15.847,1.59675,1.5971,1.00,1.70
2010.03.23 08:01:19.398,1.5968,1.59715,4.10,1.70
2010.03.23 08:01:19.607,1.59675,1.5971,1.00,1.70
2010.03.23 08:01:20.066,1.5967,1.59705,1.80,1.00
2010.03.23 08:01:20.327,1.59675,1.5971,4.10,1.00
2010.03.23 08:01:20.587,1.5968,1.5971,1.00,1.00
2010.03.23 08:01:20.928,1.59685,1.5971,1.60,1.00
2010.03.23 08:01:21.279,1.59685,1.59715,1.00,2.40
2010.03.23 08:01:21.813,1.59685,1.5972,1.00,7.70
2010.03.23 08:01:21.989,1.5968,1.5972,1.70,3.20
2010.03.23 08:01:22.165,1.5968,1.59715,1.60,1.00
2010.03.23 08:01:22.346,1.59675,1.59715,6.50,1.70
2010.03.23 08:01:22.525,1.59675,1.59715,3.70,1.70
2010.03.23 08:01:22.704,1.59675,1.59715,1.70,1.70
2010.03.23 08:01:24.126,1.59675,1.59715,1.70,3.30
2010.03.23 08:01:24.274,1.59675,1.59715,1.70,1.70
2010.03.23 08:01:28.331,1.59695,1.59715,4.00,1.70
2010.03.23 08:01:28.582,1.59695,1.59715,4.00,1.00
2010.03.23 08:01:36.015,1.59695,1.5971,4.00,1.00
2010.03.23 08:01:37.418,1.59695,1.5971,4.00,3.70
2010.03.23 08:01:38.072,1.59695,1.59705,3.00,1.60
2010.03.23 08:01:38.418,1.59695,1.5971,3.00,1.00
2010.03.23 08:01:40.025,1.59695,1.5971,3.00,1.00
2010.03.23 08:01:40.377,1.597,1.5971,2.00,1.00
2010.03.23 08:01:40.728,1.59695,1.5971,5.00,1.00
2010.03.23 08:01:41.077,1.59695,1.5971,3.00,1.00
2010.03.23 08:01:41.724,1.597,1.5971,4.00,1.00
2010.03.23 08:01:42.079,1.597,1.5971,2.00,1.00
2010.03.23 08:01:42.431,1.59705,1.59745,2.00,1.00
2010.03.23 08:01:43.112,1.597,1.5975,2.40,1.00
2010.03.23 08:01:43.454,1.59705,1.59745,1.00,3.70
2010.03.23 08:01:44.013,1.59705,1.59745,4.90,3.70
2010.03.23 08:01:44.368,1.59705,1.59745,4.90,3.60
2010.03.23 08:01:44.702,1.59705,1.59745,4.90,3.20
2010.03.23 08:01:45.030,1.59705,1.59745,2.90,3.20
2010.03.23 08:01:45.361,1.5971,1.59745,1.00,1.70
2010.03.23 08:01:49.507,1.5971,1.59745,1.00,3.30
2010.03.23 08:01:49.814,1.597,1.59735,3.70,1.00
2010.03.23 08:01:49.930,1.597,1.59735,1.70,1.00
2010.03.23 08:01:50.576,1.59695,1.59735,8.80,1.00
2010.03.23 08:01:52.401,1.597,1.5974,1.70,1.00
2010.03.23 08:01:52.919,1.597,1.59735,1.60,1.00
2010.03.23 08:01:53.259,1.59705,1.5974,1.00,1.60
2010.03.23 08:01:53.661,1.59705,1.59745,1.00,6.80
2010.03.23 08:01:54.008,1.597,1.5974,3.20,1.00
2010.03.23 08:01:54.302,1.597,1.59735,2.90,1.00
2010.03.23 08:01:54.861,1.5971,1.59745,1.00,3.20
2010.03.23 08:01:55.216,1.5971,1.59745,3.30,1.00
2010.03.23 08:01:55.563,1.59705,1.5975,2.50,3.30
2010.03.23 08:01:55.909,1.59705,1.5975,1.70,3.30
2010.03.23 08:01:56.250,1.59705,1.5974,1.00,1.00
2010.03.23 08:01:56.599,1.5971,1.59745,1.00,3.20
2010.03.23 08:01:56.950,1.59715,1.59755,1.60,5.70
2010.03.23 08:01:57.191,1.59715,1.59745,1.00,1.00
2010.03.23 08:01:57.685,1.59715,1.59755,2.40,3.30
2010.03.23 08:01:57.917,1.59715,1.59755,1.60,3.30
2010.03.23 08:01:58.500,1.59735,1.5976,1.70,2.00
2010.03.23 08:01:58.848,1.59735,1.5976,1.00,1.00
2010.03.23 08:01:59.245,1.5972,1.59755,2.90,1.00
2010.03.23 08:01:59.524,1.59725,1.59765,1.00,5.30
2010.03.23 08:01:59.810,1.59725,1.59765,1.00,3.30
2010.03.23 08:02:00.102,1.59725,1.5976,1.00,1.70
2010.03.23 08:02:00.450,1.5972,1.5976,1.00,1.70
2010.03.23 08:02:01.139,1.5972,1.59755,1.00,1.00
2010.03.23 08:02:01.489,1.5972,1.5976,3.50,3.70
2010.03.23 08:02:01.838,1.59725,1.5976,1.00,1.00
2010.03.23 08:02:02.758,1.59725,1.5976,1.00,1.70
2010.03.23 08:02:03.099,1.5972,1.59755,2.50,1.00
2010.03.23 08:02:03.449,1.5972,1.59755,1.00,2.80
2010.03.23 08:02:03.915,1.5972,1.59755,1.00,3.70
2010.03.23 08:02:04.171,1.5972,1.59755,1.00,1.70
2010.03.23 08:02:04.520,1.5972,1.59755,4.10,1.00
2010.03.23 08:02:04.873,1.5973,1.59765,1.00,6.90
2010.03.23 08:02:05.304,1.5973,1.59765,1.00,1.70
2010.03.23 08:02:07.297,1.5973,1.5977,1.00,6.90
2010.03.23 08:02:09.243,1.5973,1.5977,1.60,7.30
2010.03.23 08:02:09.453,1.59725,1.5977,4.90,8.90
2010.03.23 08:02:09.662,1.59725,1.59765,4.90,2.00
2010.03.23 08:02:11.412,1.5973,1.59765,1.00,2.10
2010.03.23 08:02:11.802,1.5973,1.59765,1.00,1.00
2010.03.23 08:02:12.001,1.5973,1.59765,1.00,2.10
2010.03.23 08:02:12.582,1.5973,1.59765,3.20,1.70
2010.03.23 08:02:14.442,1.59735,1.59765,1.60,1.70
2010.03.23 08:02:14.712,1.59735,1.5977,2.50,3.20
2010.03.23 08:02:16.022,1.59725,1.59765,2.50,1.60
2010.03.23 08:02:16.292,1.5973,1.59765,1.00,1.60
2010.03.23 08:02:16.563,1.59735,1.5977,2.50,3.20
2010.03.23 08:02:17.497,1.59735,1.5977,1.60,3.30
2010.03.23 08:02:18.825,1.59735,1.59765,1.60,1.00
2010.03.23 08:02:19.184,1.5973,1.59765,2.70,1.00
2010.03.23 08:02:19.706,1.59735,1.59765,1.60,1.00
2010.03.23 08:02:20.058,1.5974,1.5977,2.50,1.00
2010.03.23 08:02:20.406,1.59735,1.5977,4.30,1.00
2010.03.23 08:02:21.025,1.5974,1.5977,1.60,1.00
2010.03.23 08:02:21.368,1.5974,1.5976,2.40,1.00
2010.03.23 08:02:21.719,1.59735,1.5976,1.60,1.00
2010.03.23 08:02:23.002,1.59735,1.5976,2.40,1.00
2010.03.23 08:02:23.341,1.5973,1.5976,1.60,1.00
2010.03.23 08:02:24.702,1.59725,1.5975,2.40,1.00
2010.03.23 08:02:25.028,1.59725,1.5975,1.00,1.00
2010.03.23 08:02:25.227,1.59715,1.59745,1.60,1.00
2010.03.23 08:02:25.421,1.59715,1.5975,1.60,2.10
2010.03.23 08:02:25.751,1.59715,1.5975,1.60,1.00
2010.03.23 08:02:26.089,1.5972,1.5975,1.00,1.60
2010.03.23 08:02:26.426,1.5972,1.5975,1.00,2.00
2010.03.23 08:02:26.837,1.59725,1.59755,1.70,3.60
2010.03.23 08:02:27.179,1.59725,1.59755,1.70,1.60
2010.03.23 08:02:27.529,1.5972,1.59755,2.50,1.70
2010.03.23 08:02:28.131,1.5971,1.59755,2.50,5.30
2010.03.23 08:02:28.472,1.5971,1.5975,1.60,1.00
2010.03.23 08:02:28.821,1.5971,1.59755,1.70,3.30
2010.03.23 08:02:29.161,1.5971,1.59755,2.50,4.90
2010.03.23 08:02:29.501,1.59715,1.59755,1.60,3.30
2010.03.23 08:02:29.999,1.5971,1.59755,3.30,6.90
2010.03.23 08:02:30.201,1.59705,1.59745,8.90,1.00
2010.03.23 08:02:30.393,1.5971,1.5975,1.60,1.00
2010.03.23 08:02:30.582,1.59705,1.59745,9.70,1.00
2010.03.23 08:02:30.931,1.5971,1.5975,1.60,1.00
2010.03.23 08:02:31.271,1.59705,1.5975,1.70,5.30
2010.03.23 08:02:31.621,1.59705,1.59745,4.50,1.00
2010.03.23 08:02:31.881,1.5971,1.5975,1.60,1.70
2010.03.23 08:02:32.129,1.59705,1.59745,2.50,1.00
2010.03.23 08:02:32.379,1.5971,1.5975,1.60,3.70
2010.03.23 08:02:32.630,1.59705,1.59745,5.30,1.00
2010.03.23 08:02:32.969,1.5971,1.5975,1.00,5.30
2010.03.23 08:02:33.309,1.5971,1.5975,1.70,1.60
2010.03.23 08:02:34.339,1.5971,1.5975,1.60,1.70
2010.03.23 08:02:34.568,1.5971,1.5975,1.70,1.60
2010.03.23 08:02:35.706,1.5971,1.5975,1.00,1.60
2010.03.23 08:02:36.010,1.59705,1.59735,1.70,1.60
2010.03.23 08:02:36.309,1.59705,1.59745,1.00,7.20
2010.03.23 08:02:36.609,1.597,1.5974,1.00,1.60
2010.03.23 08:02:36.935,1.597,1.59735,1.00,1.60
2010.03.23 08:02:38.038,1.597,1.59735,1.70,1.60
2010.03.23 08:02:38.969,1.597,1.59735,2.50,3.20
2010.03.23 08:02:39.496,1.59705,1.59735,1.00,3.20
2010.03.23 08:02:39.765,1.59705,1.59735,1.00,3.20
2010.03.23 08:02:42.426,1.59705,1.59735,1.00,1.60
2010.03.23 08:02:43.031,1.59705,1.59745,1.00,3.30
2010.03.23 08:02:43.233,1.597,1.5973,1.00,1.00
2010.03.23 08:02:43.537,1.59695,1.5973,3.20,1.00
2010.03.23 08:02:46.187,1.59695,1.5973,3.80,1.00
2010.03.23 08:02:46.468,1.59695,1.5973,3.20,1.00
2010.03.23 08:02:52.362,1.59695,1.5973,3.20,1.00
2010.03.23 08:02:52.682,1.59695,1.5973,3.20,1.00
2010.03.23 08:02:54.162,1.597,1.59735,1.00,7.30
2010.03.23 08:02:54.312,1.597,1.59735,1.00,5.70
2010.03.23 08:02:54.463,1.59695,1.5973,4.80,1.00
2010.03.23 08:02:54.862,1.59705,1.59735,1.60,4.00
2010.03.23 08:02:55.018,1.59705,1.5974,4.90,1.00
2010.03.23 08:02:55.255,1.59715,1.5975,1.70,1.70
2010.03.23 08:02:57.042,1.59715,1.5975,2.50,1.70
2010.03.23 08:02:57.336,1.5971,1.59745,1.70,1.00
2010.03.23 08:02:57.641,1.5971,1.5974,1.60,1.00
2010.03.23 08:02:57.967,1.5971,1.5974,1.60,1.00
2010.03.23 08:02:58.125,1.59705,1.5974,1.00,1.00
2010.03.23 08:02:58.431,1.597,1.5974,3.30,1.00
2010.03.23 08:02:58.692,1.597,1.5974,1.00,2.50
2010.03.23 08:02:59.471,1.597,1.5974,1.00,2.40
2010.03.23 08:02:59.651,1.597,1.59745,2.50,4.10
2010.03.23 08:03:00.655,1.59695,1.5973,4.80,1.00
2010.03.23 08:03:00.830,1.59695,1.5973,3.20,1.00
2010.03.23 08:03:03.032,1.59695,1.59725,3.00,2.90
2010.03.23 08:03:03.222,1.59695,1.59715,3.00,2.10
2010.03.23 08:03:03.520,1.59695,1.59715,3.00,3.70
2010.03.23 08:03:03.717,1.59695,1.5971,2.80,3.30
2010.03.23 08:03:04.050,1.59695,1.59715,2.80,16.20
2010.03.23 08:03:04.384,1.59695,1.59705,2.80,1.00
2010.03.23 08:03:04.994,1.59675,1.59705,1.00,4.00
2010.03.23 08:03:05.263,1.59695,1.59705,1.90,3.20
2010.03.23 08:03:06.478,1.59695,1.59705,1.80,3.20
2010.03.23 08:03:06.819,1.59695,1.5971,1.80,5.70
2010.03.23 08:03:07.180,1.59695,1.5971,1.80,4.90
2010.03.23 08:03:07.539,1.59695,1.5971,1.80,4.80
2010.03.23 08:03:07.921,1.59695,1.5971,1.80,4.90
2010.03.23 08:03:08.224,1.59695,1.5971,1.70,4.90
2010.03.23 08:03:08.538,1.59695,1.59705,1.70,1.70
2010.03.23 08:03:08.843,1.59695,1.59705,1.70,1.60
2010.03.23 08:03:09.341,1.59695,1.5971,1.70,8.10
2010.03.23 08:03:09.651,1.59695,1.5971,1.70,6.90
2010.03.23 08:03:09.961,1.59695,1.59705,1.50,1.70
2010.03.23 08:03:11.187,1.5966,1.59695,1.00,1.00
2010.03.23 08:03:12.716,1.5967,1.59705,1.00,6.10
2010.03.23 08:03:12.986,1.59685,1.59715,1.00,1.70
2010.03.23 08:03:13.524,1.59685,1.59715,1.00,1.00
2010.03.23 08:03:17.186,1.59695,1.5971,1.00,1.00
2010.03.23 08:03:19.818,1.59695,1.59705,1.00,1.00
2010.03.23 08:03:19.968,1.59695,1.5971,1.00,2.00
2010.03.23 08:03:20.116,1.59695,1.59715,1.00,1.70
2010.03.23 08:03:22.246,1.59695,1.5971,1.00,1.00
2010.03.23 08:03:23.207,1.59695,1.5971,1.00,1.00
2010.03.23 08:03:23.545,1.59695,1.5971,1.00,1.70
2010.03.23 08:03:23.886,1.59695,1.5971,1.00,1.00
2010.03.23 08:03:24.226,1.59695,1.5971,1.00,1.70
2010.03.23 08:03:25.196,1.59695,1.5971,1.00,1.60
2010.03.23 08:03:25.662,1.59695,1.5972,1.00,2.10
2010.03.23 08:03:25.737,1.59695,1.5972,1.00,1.00
2010.03.23 08:03:25.804,1.59695,1.5972,1.00,1.00
2010.03.23 08:03:25.874,1.59695,1.5972,1.00,1.00
2010.03.23 08:03:28.625,1.59695,1.5971,1.00,1.00
2010.03.23 08:03:32.614,1.59695,1.59705,1.00,1.00
2010.03.23 08:03:32.836,1.59695,1.597,1.00,1.00
2010.03.23 08:03:33.432,1.5966,1.597,1.00,1.00
2010.03.23 08:03:36.421,1.5967,1.59705,1.00,8.80
2010.03.23 08:03:36.695,1.5967,1.59705,1.00,3.60
2010.03.23 08:03:37.044,1.5967,1.59705,1.00,8.10
2010.03.23 08:03:37.105,1.5967,1.597,1.00,1.00
2010.03.23 08:03:37.164,1.5967,1.597,1.60,1.00
2010.03.23 08:03:37.227,1.5967,1.5969,1.60,1.00
2010.03.23 08:03:37.615,1.59675,1.5969,1.60,1.00
2010.03.23 08:03:37.685,1.5967,1.5971,1.00,1.70
2010.03.23 08:03:37.750,1.5967,1.59705,1.00,1.00
2010.03.23 08:03:38.154,1.59675,1.5971,1.00,1.70
2010.03.23 08:03:38.498,1.5967,1.59705,1.00,1.00
2010.03.23 08:03:39.546,1.59675,1.5971,1.00,4.00
2010.03.23 08:03:39.885,1.59675,1.5971,1.00,1.00
2010.03.23 08:03:40.226,1.59675,1.5971,2.50,1.00
2010.03.23 08:03:41.357,1.59675,1.5971,1.00,1.00
2010.03.23 08:03:45.260,1.59675,1.5971,1.70,1.00
2010.03.23 08:03:45.601,1.59675,1.5971,1.00,1.00
2010.03.23 08:03:47.502,1.59675,1.5971,1.00,1.00
2010.03.23 08:03:48.898,1.5968,1.5971,1.60,1.00
2010.03.23 08:03:50.957,1.59685,1.5971,1.60,1.00
2010.03.23 08:03:51.008,1.59685,1.5972,1.70,1.00
2010.03.23 08:03:51.067,1.59685,1.5972,2.50,1.00
2010.03.23 08:03:51.411,1.5968,1.5971,2.40,1.00
2010.03.23 08:03:51.749,1.59675,1.5971,4.50,1.00
2010.03.23 08:03:52.088,1.59685,1.59715,1.00,1.60
2010.03.23 08:03:52.329,1.59685,1.5972,4.90,1.00
2010.03.23 08:03:52.799,1.5969,1.5972,1.00,1.00
2010.03.23 08:03:53.268,1.59685,1.5972,6.50,1.00
2010.03.23 08:03:54.418,1.5969,1.59725,1.00,1.00
2010.03.23 08:03:54.609,1.597,1.59725,1.60,1.00
2010.03.23 08:03:54.800,1.59705,1.5974,1.00,1.30
2010.03.23 08:03:54.988,1.59705,1.5974,1.00,1.00
2010.03.23 08:03:55.180,1.5971,1.5974,3.30,1.00
2010.03.23 08:03:55.490,1.59715,1.59745,1.60,1.70
2010.03.23 08:03:55.724,1.5972,1.59745,1.00,1.70
2010.03.23 08:03:55.960,1.5972,1.59745,1.00,1.00
2010.03.23 08:03:56.192,1.5972,1.5974,1.00,1.00
2010.03.23 08:03:56.509,1.59715,1.5974,1.70,1.00
2010.03.23 08:03:56.849,1.59705,1.5974,3.50,1.00
2010.03.23 08:03:57.188,1.59705,1.5974,2.50,1.00
2010.03.23 08:03:59.328,1.59705,1.5974,3.50,1.00
2010.03.23 08:03:59.830,1.59705,1.5974,1.70,1.00
2010.03.23 08:04:00.161,1.59695,1.5973,1.00,1.00
2010.03.23 08:04:00.466,1.59685,1.5972,4.50,1.70
2010.03.23 08:04:00.908,1.59685,1.5972,1.00,3.30
2010.03.23 08:04:01.250,1.59685,1.5972,1.00,7.70
2010.03.23 08:04:01.936,1.59685,1.5972,1.00,7.80
2010.03.23 08:04:02.851,1.59685,1.5972,1.00,5.80
2010.03.23 08:04:04.216,1.59685,1.5972,1.00,5.70
2010.03.23 08:04:05.130,1.59685,1.5972,1.00,7.80
2010.03.23 08:04:05.234,1.59685,1.5972,1.00,5.80
2010.03.23 08:04:05.540,1.59685,1.5972,1.00,4.20
2010.03.23 08:04:05.646,1.59685,1.5972,2.40,4.20
2010.03.23 08:04:06.065,1.59695,1.5972,4.00,4.00
2010.03.23 08:04:06.413,1.59695,1.5972,4.00,3.20
2010.03.23 08:04:07.095,1.59685,1.5972,4.20,3.30
2010.03.23 08:04:07.830,1.59695,1.5972,4.00,3.40
2010.03.23 08:04:09.133,1.59695,1.5972,4.00,1.80
2010.03.23 08:04:09.395,1.59695,1.5972,4.00,1.00
2010.03.23 08:04:10.085,1.59695,1.59715,4.00,1.00
2010.03.23 08:04:10.358,1.59695,1.5972,4.00,1.00
2010.03.23 08:04:10.919,1.59695,1.5971,4.00,1.00
2010.03.23 08:04:11.277,1.59695,1.5971,3.90,1.00
2010.03.23 08:04:13.734,1.59695,1.59715,3.50,3.30
2010.03.23 08:04:14.075,1.59695,1.59715,3.50,1.70
2010.03.23 08:04:15.428,1.59695,1.5971,3.30,1.70
2010.03.23 08:04:15.775,1.59695,1.59715,3.20,11.40
2010.03.23 08:04:16.404,1.59695,1.59705,3.20,1.60
2010.03.23 08:04:16.751,1.59695,1.5971,3.20,1.60
2010.03.23 08:04:18.743,1.59695,1.5971,3.20,1.70
2010.03.23 08:04:18.913,1.59695,1.5971,3.20,5.30
2010.03.23 08:04:19.082,1.59695,1.5971,3.20,3.30
2010.03.23 08:04:19.252,1.59695,1.5971,3.20,3.20
2010.03.23 08:04:19.424,1.59695,1.5971,3.20,1.60
2010.03.23 08:04:19.593,1.59695,1.59715,3.20,2.40
2010.03.23 08:04:19.967,1.59695,1.5972,3.20,6.10
2010.03.23 08:04:20.323,1.59695,1.5972,3.20,7.70
2010.03.23 08:04:23.704,1.59695,1.5972,3.30,2.40
2010.03.23 08:04:23.993,1.59695,1.5973,3.30,6.90
2010.03.23 08:04:24.525,1.59695,1.59725,3.30,3.60
2010.03.23 08:04:24.762,1.59695,1.59725,3.30,5.20
2010.03.23 08:04:25.781,1.5969,1.59725,3.50,6.80
2010.03.23 08:04:26.265,1.59695,1.59725,3.30,3.20
2010.03.23 08:04:26.554,1.59695,1.59725,3.30,5.60
2010.03.23 08:04:26.853,1.59695,1.59725,3.30,9.60
2010.03.23 08:04:27.435,1.59695,1.59725,3.30,7.20
2010.03.23 08:04:27.851,1.59695,1.59725,3.20,5.30
2010.03.23 08:04:28.169,1.59695,1.59725,3.30,3.20
2010.03.23 08:04:29.744,1.59695,1.59725,3.30,8.80
2010.03.23 08:04:30.253,1.5969,1.59725,3.40,8.90
2010.03.23 08:04:30.489,1.5969,1.59725,3.40,10.50
2010.03.23 08:04:31.411,1.59695,1.59725,3.30,8.80
2010.03.23 08:04:31.754,1.5969,1.59725,3.50,7.20
2010.03.23 08:04:31.965,1.59695,1.59725,3.30,3.20
2010.03.23 08:04:34.420,1.597,1.59725,1.00,3.20
2010.03.23 08:04:34.958,1.597,1.5973,1.00,5.20
2010.03.23 08:04:35.158,1.597,1.5973,1.00,3.20
2010.03.23 08:04:35.548,1.597,1.5973,1.00,5.20
2010.03.23 08:04:36.995,1.597,1.5973,1.00,3.20
2010.03.23 08:04:37.739,1.59705,1.5973,1.00,3.20
2010.03.23 08:04:37.979,1.5971,1.5974,1.00,6.00
2010.03.23 08:04:38.219,1.5971,1.5974,1.00,3.20
2010.03.23 08:04:38.458,1.5971,1.5974,1.00,4.00
2010.03.23 08:04:38.741,1.5971,1.59735,1.00,4.00
2010.03.23 08:04:39.300,1.5971,1.5974,1.00,3.20
2010.03.23 08:04:40.227,1.59705,1.5974,1.70,3.30
2010.03.23 08:04:40.438,1.59705,1.5974,1.70,5.30
2010.03.23 08:04:40.569,1.59705,1.5974,1.70,5.20
2010.03.23 08:04:42.208,1.59705,1.5974,1.60,5.20
2010.03.23 08:04:42.548,1.5972,1.59745,1.00,6.80
2010.03.23 08:04:42.778,1.59715,1.59745,1.00,5.20
2010.03.23 08:04:43.005,1.59715,1.59745,1.00,3.20
2010.03.23 08:04:43.236,1.59715,1.5975,1.00,8.10
2010.03.23 08:04:44.081,1.59715,1.5974,1.00,1.60
2010.03.23 08:04:47.390,1.59715,1.5974,1.00,2.40
2010.03.23 08:04:47.739,1.59715,1.5974,1.00,1.60
2010.03.23 08:04:49.774,1.59705,1.5974,3.30,1.70
2010.03.23 08:04:50.054,1.59705,1.5974,1.70,1.70
2010.03.23 08:04:50.613,1.59705,1.5974,1.70,1.00
2010.03.23 08:04:51.564,1.59705,1.5974,1.70,1.00
2010.03.23 08:04:51.824,1.59705,1.5974,1.70,2.50
2010.03.23 08:04:52.335,1.597,1.59735,1.70,1.00
2010.03.23 08:04:52.976,1.597,1.59735,1.70,1.70
2010.03.23 08:04:56.179,1.597,1.59735,1.70,1.60
2010.03.23 08:04:56.408,1.59705,1.5974,1.00,2.50
2010.03.23 08:04:56.638,1.59705,1.5974,1.00,1.00
2010.03.23 08:04:57.137,1.59705,1.5974,1.00,1.00
2010.03.23 08:04:59.481,1.597,1.5974,1.60,1.00
2010.03.23 08:05:00.233,1.59695,1.59735,8.40,1.70
2010.03.23 08:05:00.363,1.59695,1.59735,6.40,2.50
2010.03.23 08:05:00.972,1.59695,1.59735,4.80,2.50
2010.03.23 08:05:01.101,1.59695,1.5973,4.80,1.00
2010.03.23 08:05:01.234,1.59695,1.59725,3.20,1.00
2010.03.23 08:05:01.806,1.59695,1.5972,3.20,1.00
2010.03.23 08:05:02.147,1.59695,1.5972,3.20,3.30
2010.03.23 08:05:02.837,1.59675,1.5971,8.90,1.00
2010.03.23 08:05:03.184,1.59695,1.59715,3.20,1.00
2010.03.23 08:05:05.043,1.59695,1.59715,3.20,1.00
2010.03.23 08:05:05.583,1.59695,1.59725,3.20,4.00
2010.03.23 08:05:06.013,1.59695,1.59725,3.20,5.70
2010.03.23 08:05:06.101,1.59695,1.59725,3.20,7.30
2010.03.23 08:05:06.534,1.59695,1.5972,3.20,1.00
2010.03.23 08:05:09.012,1.59695,1.59715,3.20,1.00
2010.03.23 08:05:09.450,1.59695,1.5971,3.20,1.00
2010.03.23 08:05:10.469,1.59695,1.59715,3.20,1.00
2010.03.23 08:05:10.887,1.59695,1.5971,3.20,1.00
2010.03.23 08:05:15.311,1.59695,1.59715,3.20,1.00
2010.03.23 08:05:15.632,1.59695,1.59715,3.20,1.00
2010.03.23 08:05:15.809,1.59695,1.5971,3.20,1.00
2010.03.23 08:05:16.155,1.59695,1.5971,3.20,1.00
2010.03.23 08:05:16.500,1.59695,1.5971,3.20,2.50
2010.03.23 08:05:16.839,1.59695,1.5971,3.20,4.10
2010.03.23 08:05:17.858,1.59695,1.5971,3.10,3.30
2010.03.23 08:05:18.161,1.59695,1.597,3.10,1.00
2010.03.23 08:05:19.029,1.59695,1.597,1.50,1.00
2010.03.23 08:05:19.332,1.59695,1.597,1.00,1.00
2010.03.23 08:05:19.583,1.59695,1.597,1.00,1.60
2010.03.23 08:05:19.830,1.59695,1.59705,1.00,1.70
2010.03.23 08:05:20.082,1.59695,1.5971,1.00,5.60
2010.03.23 08:05:20.401,1.59695,1.5971,1.00,2.40
2010.03.23 08:05:23.136,1.59695,1.59705,1.00,1.00
2010.03.23 08:05:23.664,1.5968,1.5971,1.70,1.60
2010.03.23 08:05:24.398,1.59675,1.59705,1.70,1.00
2010.03.23 08:05:24.676,1.59675,1.59705,1.00,1.00
2010.03.23 08:05:25.516,1.5967,1.59705,3.20,1.70
2010.03.23 08:05:25.786,1.5967,1.59705,3.20,1.00
2010.03.23 08:05:26.408,1.59675,1.59705,3.20,1.00
2010.03.23 08:05:27.086,1.5967,1.59705,2.70,1.00
2010.03.23 08:05:27.426,1.59675,1.59705,1.60,1.00
2010.03.23 08:05:27.891,1.59675,1.59705,3.20,1.00
2010.03.23 08:05:28.222,1.5968,1.5971,1.60,1.00
2010.03.23 08:05:28.837,1.5968,1.59705,1.60,1.60
2010.03.23 08:05:29.503,1.5968,1.5971,1.60,1.00
2010.03.23 08:05:30.814,1.5968,1.5971,1.60,1.70
2010.03.23 08:05:31.075,1.59675,1.59705,1.60,1.00
2010.03.23 08:05:31.334,1.59675,1.59705,1.60,1.70
2010.03.23 08:05:32.126,1.59675,1.597,1.60,1.00
2010.03.23 08:05:32.625,1.5967,1.597,1.00,1.70
2010.03.23 08:05:32.912,1.5967,1.5969,1.00,1.00
2010.03.23 08:05:35.813,1.5967,1.5968,1.00,1.00
2010.03.23 08:05:35.983,1.5967,1.5969,1.00,1.00
2010.03.23 08:05:36.155,1.5967,1.5969,1.00,1.00
2010.03.23 08:05:36.494,1.5967,1.5969,1.00,1.00
2010.03.23 08:05:37.343,1.5967,1.59695,1.00,1.70
2010.03.23 08:05:37.768,1.5967,1.5969,1.00,1.00
2010.03.23 08:05:37.949,1.5967,1.59695,1.00,1.70
2010.03.23 08:05:39.425,1.5967,1.59695,1.00,1.60
2010.03.23 08:05:39.725,1.5967,1.59695,1.00,1.70
2010.03.23 08:05:41.137,1.5967,1.5968,1.00,1.00
2010.03.23 08:05:42.276,1.5967,1.5968,1.00,1.70
2010.03.23 08:05:42.622,1.5967,1.59675,1.00,1.60
2010.03.23 08:05:42.965,1.5967,1.59675,1.00,1.90
2010.03.23 08:05:43.643,1.5967,1.59675,1.00,3.30
2010.03.23 08:05:44.341,1.5963,1.59675,1.00,5.30
2010.03.23 08:05:44.581,1.59625,1.59665,1.60,1.00
2010.03.23 08:05:44.959,1.59625,1.5967,1.00,1.00
2010.03.23 08:05:45.310,1.5962,1.5966,2.50,1.00
2010.03.23 08:05:45.659,1.59635,1.5966,1.60,1.00
2010.03.23 08:05:46.248,1.5963,1.5966,1.60,1.00
2010.03.23 08:05:47.261,1.59625,1.59655,1.60,1.00
2010.03.23 08:05:47.605,1.5962,1.5965,5.60,1.00
2010.03.23 08:05:48.207,1.59615,1.5965,8.30,1.00
2010.03.23 08:05:48.495,1.5962,1.59655,1.70,1.70
2010.03.23 08:05:48.762,1.5962,1.59645,1.70,1.00
2010.03.23 08:05:49.017,1.596,1.5963,1.00,2.10
2010.03.23 08:05:49.522,1.59595,1.59615,1.00,1.00
2010.03.23 08:05:49.782,1.59595,1.5961,1.00,1.00
2010.03.23 08:05:50.133,1.59595,1.5962,1.00,1.00
2010.03.23 08:05:51.052,1.5959,1.5961,1.70,1.00
2010.03.23 08:05:51.392,1.5958,1.5961,1.70,1.00
2010.03.23 08:05:51.734,1.5958,1.59615,2.50,3.60
2010.03.23 08:05:52.294,1.5958,1.5961,2.50,4.10
2010.03.23 08:05:52.495,1.59575,1.596,1.60,2.00
2010.03.23 08:05:52.691,1.59575,1.596,1.60,4.00
2010.03.23 08:05:52.885,1.5958,1.596,2.70,4.00
2010.03.23 08:05:53.233,1.5958,1.5962,1.60,7.30
2010.03.23 08:05:53.583,1.59585,1.59615,1.60,4.00
2010.03.23 08:05:54.388,1.59585,1.5962,1.60,4.10
2010.03.23 08:05:54.623,1.5958,1.59615,2.50,2.00
2010.03.23 08:05:54.862,1.59585,1.59615,1.60,2.00
2010.03.23 08:05:55.091,1.59585,1.5962,1.60,2.10
2010.03.23 08:05:55.455,1.59585,1.5962,1.60,4.10
2010.03.23 08:05:56.148,1.59585,1.5962,2.70,4.10
2010.03.23 08:05:56.343,1.59595,1.5962,1.60,4.10
2010.03.23 08:05:56.543,1.59595,1.5962,1.00,1.00
2010.03.23 08:05:56.872,1.59595,1.59625,1.00,4.00
2010.03.23 08:05:57.081,1.59585,1.5962,6.40,2.10
2010.03.23 08:05:57.422,1.59585,1.5962,5.60,4.10
2010.03.23 08:05:58.040,1.59585,1.5962,4.80,4.10
2010.03.23 08:05:58.391,1.5959,1.5962,1.60,4.10
2010.03.23 08:05:58.756,1.59585,1.5962,4.80,2.10
2010.03.23 08:05:59.341,1.59585,1.59615,4.60,1.00
2010.03.23 08:05:59.681,1.59585,1.59615,3.00,1.00
2010.03.23 08:06:00.023,1.59585,1.5962,5.50,1.00
2010.03.23 08:06:00.370,1.59585,1.5962,3.50,1.00
2010.03.23 08:06:00.708,1.59595,1.5962,1.00,1.00
2010.03.23 08:06:01.731,1.59595,1.59615,1.00,1.00
2010.03.23 08:06:04.667,1.59605,1.59615,1.00,1.00
2010.03.23 08:06:05.377,1.59605,1.59615,1.00,1.00
2010.03.23 08:06:06.379,1.59605,1.5961,1.00,1.00
2010.03.23 08:06:07.057,1.59605,1.5961,1.00,1.00
2010.03.23 08:06:09.169,1.59595,1.59605,1.00,1.00
2010.03.23 08:06:09.444,1.59595,1.5961,1.00,1.60
2010.03.23 08:06:09.815,1.59595,1.59605,1.00,1.00
2010.03.23 08:06:10.163,1.59595,1.5961,1.00,1.00
2010.03.23 08:06:10.520,1.59595,1.59615,1.00,1.70
2010.03.23 08:06:11.130,1.59595,1.59605,1.00,1.70
2010.03.23 08:06:11.432,1.59585,1.596,1.00,1.60
2010.03.23 08:06:11.712,1.59585,1.596,1.00,1.70
2010.03.23 08:06:12.059,1.59585,1.59595,1.00,1.60
2010.03.23 08:06:12.409,1.59585,1.5959,1.00,1.00
2010.03.23 08:06:12.759,1.5954,1.59595,1.70,5.70
2010.03.23 08:06:13.292,1.59535,1.5958,1.70,1.70
2010.03.23 08:06:13.540,1.59535,1.59575,1.00,4.80
2010.03.23 08:06:13.786,1.5954,1.59575,1.00,4.90
2010.03.23 08:06:14.504,1.5954,1.5957,1.00,1.60
2010.03.23 08:06:14.746,1.59535,1.5957,1.70,1.70
2010.03.23 08:06:15.557,1.59535,1.59565,1.70,1.00
2010.03.23 08:06:15.902,1.59525,1.59555,1.00,1.60
2010.03.23 08:06:16.128,1.5952,1.59555,1.00,6.50
2010.03.23 08:06:16.623,1.5952,1.59555,1.00,4.90
2010.03.23 08:06:16.849,1.5952,1.59555,1.00,6.50
2010.03.23 08:06:17.417,1.5952,1.59555,1.00,4.90
2010.03.23 08:06:18.038,1.5952,1.59555,1.00,1.70
2010.03.23 08:06:18.275,1.5952,1.59555,1.00,1.00
2010.03.23 08:06:18.516,1.59525,1.5956,1.00,1.00
2010.03.23 08:06:18.756,1.5953,1.59565,1.70,2.10
2010.03.23 08:06:18.994,1.5953,1.59565,4.10,2.10
2010.03.23 08:06:19.290,1.5953,1.59565,6.10,2.10
2010.03.23 08:06:19.640,1.59535,1.5957,1.70,1.00
2010.03.23 08:06:19.989,1.5954,1.59575,1.60,1.70
2010.03.23 08:06:20.686,1.59535,1.59555,4.40,1.00
2010.03.23 08:06:21.213,1.59535,1.59565,1.00,9.20
2010.03.23 08:06:21.440,1.59535,1.59565,1.00,5.20
2010.03.23 08:06:21.786,1.59535,1.59565,1.00,3.60
2010.03.23 08:06:22.867,1.5953,1.59565,1.00,3.70
2010.03.23 08:06:23.164,1.5953,1.59565,1.00,8.50
2010.03.23 08:06:25.202,1.59525,1.5956,1.00,1.00
2010.03.23 08:06:25.544,1.59525,1.5956,1.00,1.70
2010.03.23 08:06:25.753,1.5953,1.59565,1.70,6.80
2010.03.23 08:06:26.198,1.5953,1.59565,1.70,2.10
2010.03.23 08:06:26.419,1.59535,1.59565,1.00,3.20
2010.03.23 08:06:26.631,1.59535,1.59565,1.00,2.00
2010.03.23 08:06:27.220,1.5953,1.59565,1.90,1.00
2010.03.23 08:06:27.578,1.59535,1.59565,1.60,1.00
2010.03.23 08:06:28.604,1.5954,1.59575,1.60,2.10
2010.03.23 08:06:28.910,1.5954,1.5957,1.60,1.00
2010.03.23 08:06:29.196,1.59535,1.5957,2.70,1.00
2010.03.23 08:06:30.665,1.5954,1.59575,2.50,2.10
2010.03.23 08:06:31.662,1.5954,1.59565,2.40,1.00
2010.03.23 08:06:31.899,1.5954,1.59575,1.00,12.90
2010.03.23 08:06:32.133,1.59535,1.5957,1.00,1.00
2010.03.23 08:06:32.474,1.59535,1.5957,2.70,1.00
2010.03.23 08:06:34.406,1.59545,1.59575,2.40,1.70
2010.03.23 08:06:34.652,1.5954,1.59575,1.70,1.70
2010.03.23 08:06:35.150,1.59545,1.59575,2.40,1.70
2010.03.23 08:06:35.351,1.5954,1.59575,1.70,1.70
2010.03.23 08:06:36.170,1.59545,1.59575,2.50,1.70
2010.03.23 08:06:36.901,1.59545,1.5958,2.70,1.00
2010.03.23 08:06:37.532,1.59545,1.5958,1.70,1.00
2010.03.23 08:06:38.893,1.5954,1.59575,1.70,1.00
2010.03.23 08:06:40.583,1.59535,1.5957,4.90,1.00
2010.03.23 08:06:42.898,1.5954,1.59575,1.00,1.00
2010.03.23 08:06:45.098,1.5954,1.59575,1.70,1.70
2010.03.23 08:06:45.476,1.5954,1.59575,1.70,2.50
2010.03.23 08:06:45.671,1.59525,1.5956,1.00,2.10
2010.03.23 08:06:45.867,1.5952,1.59555,1.00,1.00
2010.03.23 08:06:46.207,1.5952,1.59555,1.00,1.70
2010.03.23 08:06:51.566,1.59525,1.59555,1.00,1.60
2010.03.23 08:06:51.657,1.59525,1.59555,1.00,1.60
2010.03.23 08:06:52.187,1.59525,1.5956,1.00,1.70
2010.03.23 08:06:53.276,1.5953,1.5956,1.00,1.60
2010.03.23 08:06:53.614,1.5953,1.59565,1.00,7.60
2010.03.23 08:06:54.218,1.59525,1.5956,1.00,1.00
2010.03.23 08:06:54.496,1.5953,1.5956,1.60,1.00
2010.03.23 08:06:54.776,1.5953,1.59565,3.30,1.70
2010.03.23 08:06:55.055,1.5953,1.59565,4.40,1.00
2010.03.23 08:06:55.914,1.5953,1.59565,6.00,1.00
2010.03.23 08:06:56.358,1.5953,1.59565,1.70,1.00
2010.03.23 08:06:57.179,1.59525,1.5956,8.90,1.00
2010.03.23 08:06:57.354,1.59525,1.5956,3.30,1.70
2010.03.23 08:06:57.525,1.5953,1.59565,1.70,2.80
2010.03.23 08:06:57.695,1.5953,1.59565,1.70,1.00
2010.03.23 08:06:58.206,1.5953,1.59565,1.70,1.70
2010.03.23 08:07:00.432,1.5953,1.59565,1.70,1.00
2010.03.23 08:07:01.744,1.5953,1.5956,1.70,1.60
2010.03.23 08:07:02.093,1.59525,1.5956,1.00,3.30
2010.03.23 08:07:02.772,1.59525,1.5956,2.80,3.30
2010.03.23 08:07:03.093,1.59525,1.5956,2.80,1.70
2010.03.23 08:07:03.333,1.59525,1.5956,2.80,1.00
2010.03.23 08:07:05.862,1.59525,1.59555,1.60,1.00
2010.03.23 08:07:06.001,1.5952,1.59555,6.40,1.00
2010.03.23 08:07:06.141,1.5952,1.59555,4.40,1.00
2010.03.23 08:07:08.229,1.59535,1.59555,1.60,1.00
2010.03.23 08:07:08.425,1.59525,1.5956,2.80,1.00
2010.03.23 08:07:10.261,1.5952,1.59555,8.40,1.00
2010.03.23 08:07:10.491,1.59525,1.5956,4.40,1.00
2010.03.23 08:07:11.722,1.5953,1.59565,1.00,1.00
2010.03.23 08:07:11.963,1.59535,1.5957,1.00,4.90
2010.03.23 08:07:12.543,1.59535,1.5957,1.00,3.30
2010.03.23 08:07:13.629,1.5953,1.59565,1.70,1.00
2010.03.23 08:07:13.931,1.59535,1.59565,1.60,1.00
2010.03.23 08:07:14.919,1.59535,1.59565,1.60,1.00
2010.03.23 08:07:15.350,1.59535,1.59565,3.20,1.00
2010.03.23 08:07:15.571,1.59535,1.5956,6.20,1.00
2010.03.23 08:07:16.106,1.59535,1.59565,1.00,1.00
2010.03.23 08:07:16.410,1.5953,1.59565,2.80,1.00
2010.03.23 08:07:16.710,1.59535,1.59565,1.60,1.00
2010.03.23 08:07:17.052,1.59535,1.59565,2.60,1.00
2010.03.23 08:07:17.395,1.5953,1.59565,3.70,1.00
2010.03.23 08:07:17.739,1.5953,1.59565,5.70,1.00
2010.03.23 08:07:18.310,1.5953,1.59565,6.80,1.00
2010.03.23 08:07:18.602,1.5953,1.59565,2.80,1.70
2010.03.23 08:07:18.892,1.59525,1.59555,2.10,1.60
2010.03.23 08:07:19.143,1.59525,1.59555,1.00,4.80
2010.03.23 08:07:19.673,1.5952,1.59555,1.00,4.90
2010.03.23 08:07:19.932,1.59515,1.59545,4.20,1.00
2010.03.23 08:07:20.272,1.5951,1.59545,1.70,1.60
2010.03.23 08:07:20.877,1.5951,1.59545,1.00,1.70
2010.03.23 08:07:21.141,1.59505,1.5954,1.00,1.00
2010.03.23 08:07:21.401,1.595,1.59525,5.80,1.00
2010.03.23 08:07:21.661,1.59485,1.5952,4.40,1.00
2010.03.23 08:07:22.219,1.59485,1.5952,1.70,1.00
2010.03.23 08:07:22.520,1.59485,1.5952,2.80,1.00
2010.03.23 08:07:23.182,1.59485,1.5952,4.40,1.00
2010.03.23 08:07:24.476,1.59485,1.5952,2.80,1.00
2010.03.23 08:07:25.707,1.59485,1.5952,1.00,1.00
2010.03.23 08:07:26.316,1.5948,1.5952,1.60,1.00
2010.03.23 08:07:27.212,1.59485,1.59515,1.00,1.70
2010.03.23 08:07:27.561,1.5947,1.59505,4.40,1.00
2010.03.23 08:07:27.911,1.5947,1.59505,1.00,1.70
2010.03.23 08:07:28.260,1.5947,1.59505,1.70,1.00
2010.03.23 08:07:28.612,1.59465,1.595,1.00,1.00
2010.03.23 08:07:28.930,1.59465,1.595,1.70,1.00
2010.03.23 08:07:29.252,1.59465,1.59505,1.70,1.70
2010.03.23 08:07:29.572,1.5946,1.59485,3.60,3.30
2010.03.23 08:07:29.810,1.5946,1.59475,2.00,1.00
2010.03.23 08:07:30.115,1.59445,1.5947,1.60,1.00
2010.03.23 08:07:30.392,1.5943,1.59465,1.00,1.70
2010.03.23 08:07:30.643,1.5944,1.59465,1.00,1.00
2010.03.23 08:07:31.257,1.59435,1.5947,1.00,1.00
2010.03.23 08:07:31.600,1.59435,1.59465,2.00,1.00
2010.03.23 08:07:32.290,1.5943,1.59465,3.30,1.00
2010.03.23 08:07:32.638,1.5943,1.59465,1.70,1.00
2010.03.23 08:07:33.217,1.59435,1.5947,7.70,1.00
2010.03.23 08:07:33.512,1.5945,1.5947,1.00,1.00
2010.03.23 08:07:34.153,1.59455,1.5947,3.30,1.00
2010.03.23 08:07:34.500,1.59455,1.5947,4.90,1.00
2010.03.23 08:07:34.846,1.59455,1.5947,3.30,1.00
2010.03.23 08:07:35.525,1.59455,1.5947,1.70,1.00
2010.03.23 08:07:35.868,1.59455,1.5947,2.00,1.00
2010.03.23 08:07:36.198,1.59455,1.5947,3.70,1.00
2010.03.23 08:07:36.528,1.5946,1.5947,2.00,1.00
2010.03.23 08:07:36.869,1.59455,1.5947,8.90,1.00
2010.03.23 08:07:37.204,1.59455,1.5947,10.50,1.00
2010.03.23 08:07:37.538,1.59455,1.5947,7.30,1.00
2010.03.23 08:07:38.107,1.59465,1.59505,1.60,1.00
2010.03.23 08:07:38.450,1.5946,1.59505,1.00,4.50
2010.03.23 08:07:38.798,1.59465,1.59505,3.60,1.00
2010.03.23 08:07:39.138,1.5946,1.5949,1.60,1.00
2010.03.23 08:07:39.479,1.59465,1.59495,3.60,1.00
2010.03.23 08:07:40.151,1.59455,1.5948,5.60,1.00
2010.03.23 08:07:40.718,1.59455,1.5949,1.70,1.00
2010.03.23 08:07:41.072,1.5947,1.595,1.00,1.00
2010.03.23 08:07:41.327,1.5947,1.59505,1.00,1.70
2010.03.23 08:07:42.351,1.59475,1.5951,1.00,4.10
2010.03.23 08:07:42.646,1.59475,1.5951,1.00,1.00
2010.03.23 08:07:42.945,1.5947,1.59505,2.10,1.00
2010.03.23 08:07:43.247,1.59475,1.5951,1.00,1.70
2010.03.23 08:07:43.941,1.59475,1.5951,1.00,2.10
2010.03.23 08:07:44.284,1.59475,1.5951,1.00,1.70
2010.03.23 08:07:44.583,1.59475,1.5951,1.00,1.00
2010.03.23 08:07:44.884,1.5948,1.59515,1.00,1.70
2010.03.23 08:07:45.319,1.5949,1.59515,1.00,1.60
2010.03.23 08:07:45.535,1.59485,1.59525,4.20,1.00
2010.03.23 08:07:46.714,1.59495,1.5953,1.70,1.00
2010.03.23 08:07:47.054,1.5949,1.59525,1.70,1.00
2010.03.23 08:07:47.394,1.59495,1.5952,1.60,1.00
2010.03.23 08:07:47.736,1.5949,1.59525,1.70,1.00
2010.03.23 08:07:48.085,1.59495,1.5952,1.60,1.00
2010.03.23 08:07:48.422,1.5949,1.5952,1.60,1.00
2010.03.23 08:07:48.693,1.59485,1.5952,1.70,1.00
2010.03.23 08:07:48.963,1.5949,1.59515,1.60,1.00
2010.03.23 08:07:49.771,1.59485,1.5952,2.10,1.00
2010.03.23 08:07:50.063,1.5948,1.5951,2.00,3.30
2010.03.23 08:07:50.348,1.5948,1.5951,1.00,1.60
2010.03.23 08:07:50.635,1.59475,1.5951,1.00,2.50
2010.03.23 08:07:50.987,1.59475,1.5951,1.70,1.00
2010.03.23 08:07:51.336,1.59485,1.59515,1.00,3.60
2010.03.23 08:07:51.684,1.59485,1.59515,1.00,1.60
2010.03.23 08:07:52.214,1.5949,1.59515,1.00,1.60
2010.03.23 08:07:52.567,1.5948,1.5951,2.00,1.00
2010.03.23 08:07:52.914,1.59485,1.5952,1.00,1.00
2010.03.23 08:07:54.260,1.5949,1.59525,1.00,1.70
2010.03.23 08:07:54.492,1.5949,1.59525,2.50,1.70
2010.03.23 08:07:56.371,1.5949,1.59525,1.00,3.30
2010.03.23 08:07:56.581,1.5949,1.59525,1.00,4.90
2010.03.23 08:07:56.791,1.5949,1.59525,1.00,4.10
2010.03.23 08:07:57.120,1.59495,1.59525,1.00,1.70
2010.03.23 08:07:57.452,1.59495,1.59525,5.70,1.60
2010.03.23 08:07:57.849,1.595,1.59525,2.00,1.70
2010.03.23 08:07:58.074,1.5949,1.59525,1.00,1.70
2010.03.23 08:07:59.307,1.5949,1.59525,1.00,3.30
2010.03.23 08:07:59.653,1.59485,1.5952,1.00,1.00
2010.03.23 08:08:00.345,1.5948,1.59515,6.50,1.70
2010.03.23 08:08:00.853,1.59485,1.5952,1.00,1.00
2010.03.23 08:08:01.216,1.59485,1.5952,5.70,1.00
2010.03.23 08:08:01.562,1.5949,1.5952,2.00,1.00
2010.03.23 08:08:02.791,1.59485,1.5952,3.70,1.00
2010.03.23 08:08:03.382,1.5949,1.59525,1.00,3.30
2010.03.23 08:08:03.630,1.59495,1.59525,4.00,1.00
2010.03.23 08:08:03.881,1.595,1.59525,2.00,1.00
2010.03.23 08:08:04.159,1.59495,1.5953,8.90,1.00
2010.03.23 08:08:04.445,1.595,1.59535,5.30,1.00
2010.03.23 08:08:04.724,1.59505,1.59535,2.00,1.00
2010.03.23 08:08:05.000,1.595,1.59535,5.20,1.00
2010.03.23 08:08:05.624,1.59505,1.5954,2.00,1.00
2010.03.23 08:08:06.138,1.59505,1.5954,3.60,1.00
2010.03.23 08:08:06.444,1.59505,1.5953,1.60,1.00
2010.03.23 08:08:06.721,1.595,1.5953,1.60,1.00
2010.03.23 08:08:07.279,1.5949,1.59525,3.70,3.30
2010.03.23 08:08:07.620,1.5949,1.59525,1.70,1.70
2010.03.23 08:08:07.959,1.5949,1.59525,1.70,1.00
2010.03.23 08:08:08.639,1.59485,1.5952,11.30,1.00
2010.03.23 08:08:08.980,1.59485,1.5952,10.50,1.00
2010.03.23 08:08:09.699,1.59475,1.59505,5.60,1.00
2010.03.23 08:08:09.917,1.5947,1.59505,4.10,1.00
2010.03.23 08:08:10.136,1.5947,1.59505,1.70,1.00
2010.03.23 08:08:11.011,1.59465,1.595,7.30,1.00
2010.03.23 08:08:11.357,1.59465,1.595,3.30,1.00
2010.03.23 08:08:13.268,1.5947,1.59505,1.00,1.70
2010.03.23 08:08:13.910,1.5947,1.59505,1.00,1.00
2010.03.23 08:08:14.599,1.59465,1.595,3.30,1.00
2010.03.23 08:08:16.418,1.5947,1.59505,1.00,1.70
2010.03.23 08:08:16.759,1.5947,1.59505,1.00,1.00
2010.03.23 08:08:17.101,1.59465,1.595,3.30,1.00
2010.03.23 08:08:17.786,1.59465,1.595,3.20,1.00
2010.03.23 08:08:18.086,1.59465,1.59495,3.20,1.70
2010.03.23 08:08:18.698,1.5946,1.59495,1.70,1.00
2010.03.23 08:08:19.957,1.5947,1.59495,4.00,1.00
2010.03.23 08:08:20.130,1.59465,1.59495,1.00,1.00
2010.03.23 08:08:20.295,1.59465,1.595,1.00,2.40
2010.03.23 08:08:20.466,1.59465,1.595,1.70,1.00
2010.03.23 08:08:20.635,1.59465,1.59505,1.70,1.60
2010.03.23 08:08:21.067,1.59465,1.5951,4.90,4.10
2010.03.23 08:08:21.406,1.59465,1.59505,1.70,4.10
2010.03.23 08:08:21.745,1.59465,1.59505,1.70,1.00
2010.03.23 08:08:22.086,1.59465,1.59505,2.10,1.70
2010.03.23 08:08:22.425,1.59465,1.5951,1.70,3.70
2010.03.23 08:08:22.864,1.59465,1.595,1.70,1.00
2010.03.23 08:08:23.083,1.59465,1.595,1.00,1.00
2010.03.23 08:08:23.603,1.5948,1.59505,1.00,1.60
2010.03.23 08:08:24.042,1.5948,1.59505,1.00,1.00
2010.03.23 08:08:24.367,1.5947,1.59505,1.00,1.00
2010.03.23 08:08:27.371,1.59465,1.595,1.70,1.00
2010.03.23 08:08:27.773,1.5947,1.595,1.60,1.00
2010.03.23 08:08:27.973,1.59465,1.595,1.00,1.00
2010.03.23 08:08:28.903,1.5946,1.59495,6.40,1.00
2010.03.23 08:08:29.214,1.59465,1.595,1.00,1.70
2010.03.23 08:08:29.383,1.59465,1.595,1.00,1.00
2010.03.23 08:08:29.892,1.59465,1.595,2.10,1.00
2010.03.23 08:08:30.061,1.59465,1.595,2.10,1.00
2010.03.23 08:08:30.384,1.59475,1.5951,2.10,1.00
2010.03.23 08:08:31.024,1.59485,1.59515,1.00,1.60
2010.03.23 08:08:31.586,1.5948,1.59515,1.00,1.80
2010.03.23 08:08:32.824,1.59475,1.5951,1.70,1.00
2010.03.23 08:08:33.059,1.5947,1.595,5.20,1.00
2010.03.23 08:08:33.285,1.5947,1.595,3.60,1.00
2010.03.23 08:08:33.514,1.59465,1.595,5.70,1.00
2010.03.23 08:08:34.093,1.59465,1.595,3.70,1.00
2010.03.23 08:08:34.436,1.5947,1.59505,1.00,1.00
2010.03.23 08:08:34.784,1.5947,1.595,2.00,1.00
2010.03.23 08:08:35.121,1.59465,1.595,5.70,1.00
2010.03.23 08:08:35.460,1.5947,1.595,2.00,1.00
2010.03.23 08:08:36.651,1.59465,1.595,7.30,1.00
2010.03.23 08:08:36.857,1.59475,1.5951,1.00,1.30
2010.03.23 08:08:37.050,1.59475,1.5951,1.00,1.00
2010.03.23 08:08:38.318,1.59475,1.5951,1.00,1.00
2010.03.23 08:08:38.860,1.5947,1.59505,2.80,1.00
2010.03.23 08:08:38.998,1.5947,1.59505,2.80,1.70
2010.03.23 08:08:39.140,1.5947,1.59505,1.00,1.70
2010.03.23 08:08:39.538,1.5947,1.595,1.00,1.00
2010.03.23 08:08:39.678,1.59465,1.595,2.80,1.00
2010.03.23 08:08:39.819,1.59465,1.595,1.00,1.00
2010.03.23 08:08:40.639,1.59465,1.595,2.10,1.00
2010.03.23 08:08:41.430,1.59465,1.59485,2.10,1.00
2010.03.23 08:08:41.960,1.59465,1.59485,2.00,1.00
2010.03.23 08:08:42.190,1.59465,1.59485,1.00,1.00
2010.03.23 08:08:45.784,1.59465,1.59485,4.00,1.00
2010.03.23 08:08:46.103,1.59455,1.59485,1.00,1.60
2010.03.23 08:08:46.358,1.59455,1.59475,2.80,1.00
2010.03.23 08:08:46.857,1.59455,1.59475,4.80,1.00
2010.03.23 08:08:47.357,1.59455,1.59475,2.80,1.00
2010.03.23 08:08:49.034,1.59465,1.59475,1.70,1.00
2010.03.23 08:08:49.296,1.5946,1.59485,3.00,3.30
2010.03.23 08:08:49.569,1.59455,1.59475,1.00,1.00
2010.03.23 08:08:49.839,1.59455,1.59475,2.80,1.00
2010.03.23 08:08:50.379,1.5945,1.59475,1.00,1.00
2010.03.23 08:08:50.913,1.5944,1.59475,1.70,1.80
2010.03.23 08:08:51.172,1.59435,1.5947,2.80,1.00
2010.03.23 08:08:51.429,1.59435,1.5946,2.60,1.00
2010.03.23 08:08:51.851,1.59435,1.5946,1.00,1.00
2010.03.23 08:08:52.208,1.59425,1.5946,1.00,2.50
2010.03.23 08:08:52.549,1.59425,1.5946,1.00,1.80
2010.03.23 08:08:53.228,1.5943,1.5946,1.60,1.00
2010.03.23 08:08:53.568,1.59425,1.5946,1.00,1.80
2010.03.23 08:08:53.909,1.5943,1.5946,1.70,1.00
2010.03.23 08:08:54.492,1.5943,1.5946,1.00,1.00
2010.03.23 08:08:54.844,1.59435,1.5946,1.00,1.00
2010.03.23 08:08:55.846,1.5944,1.5946,1.00,1.00
2010.03.23 08:08:56.234,1.59435,1.5946,1.70,1.00
2010.03.23 08:08:56.520,1.59435,1.5947,1.00,1.00
2010.03.23 08:08:58.125,1.59435,1.59465,1.00,1.60
2010.03.23 08:08:59.216,1.59435,1.5947,1.00,1.00
2010.03.23 08:09:01.417,1.59435,1.59465,1.00,1.60
2010.03.23 08:09:02.519,1.5943,1.59465,2.10,1.60
2010.03.23 08:09:02.756,1.5943,1.5947,1.00,1.70
2010.03.23 08:09:02.983,1.5943,1.5947,1.70,1.70
2010.03.23 08:09:03.714,1.5943,1.5947,3.70,1.70
2010.03.23 08:09:04.054,1.59435,1.5947,2.00,1.70
2010.03.23 08:09:04.396,1.59435,1.5947,2.00,1.60
2010.03.23 08:09:04.738,1.59435,1.5947,5.60,1.60
2010.03.23 08:09:04.986,1.59435,1.5947,3.60,1.60
2010.03.23 08:09:05.928,1.59435,1.5946,3.60,1.00
2010.03.23 08:09:06.162,1.59435,1.5946,5.30,1.00
2010.03.23 08:09:07.601,1.59445,1.5946,1.00,1.00
2010.03.23 08:09:07.955,1.5944,1.5946,3.20,1.00
2010.03.23 08:09:08.152,1.5944,1.5946,6.80,1.00
2010.03.23 08:09:08.627,1.5944,1.5946,5.20,1.00
2010.03.23 08:09:08.819,1.5944,1.5946,5.70,1.00
2010.03.23 08:09:09.006,1.5944,1.5946,9.70,1.00
2010.03.23 08:09:09.352,1.5944,1.5946,6.40,1.00
2010.03.23 08:09:09.696,1.59435,1.5946,1.70,1.00
2010.03.23 08:09:15.675,1.5944,1.5946,1.00,1.00
2010.03.23 08:09:16.104,1.5944,1.5946,3.20,1.00
2010.03.23 08:09:16.292,1.5945,1.59495,1.00,1.70
2010.03.23 08:09:16.492,1.59445,1.5948,2.00,1.00
2010.03.23 08:09:16.834,1.5944,1.59495,12.60,2.40
2010.03.23 08:09:17.180,1.59445,1.59495,7.30,1.70
2010.03.23 08:09:20.638,1.59445,1.59485,8.10,1.70
2010.03.23 08:09:21.108,1.59445,1.59485,7.30,1.70
2010.03.23 08:09:21.629,1.59445,1.59475,5.60,1.00
2010.03.23 08:09:21.881,1.5944,1.5947,7.20,1.00
2010.03.23 08:09:22.184,1.5944,1.5947,2.00,1.00
2010.03.23 08:09:22.486,1.5944,1.59475,4.10,1.70
2010.03.23 08:09:23.551,1.59435,1.59465,4.80,1.60
2010.03.23 08:09:24.072,1.59435,1.5947,1.00,1.00
2010.03.23 08:09:24.420,1.59435,1.59465,1.00,1.60
2010.03.23 08:09:25.101,1.59425,1.5946,10.30,1.00
2010.03.23 08:09:25.443,1.5943,1.59465,1.00,2.20
2010.03.23 08:09:25.780,1.59425,1.59455,1.60,1.00
2010.03.23 08:09:26.121,1.5942,1.59455,1.70,1.00
2010.03.23 08:09:26.604,1.5942,1.59455,1.00,1.70
2010.03.23 08:09:26.951,1.59425,1.59455,3.20,1.80
2010.03.23 08:09:27.562,1.5942,1.5945,1.20,1.00
2010.03.23 08:09:28.104,1.59415,1.5945,1.00,1.00
2010.03.23 08:09:28.374,1.59415,1.5945,1.00,1.70
2010.03.23 08:09:34.218,1.59405,1.5944,4.40,1.00
2010.03.23 08:09:34.448,1.59405,1.5944,1.00,1.00
2010.03.23 08:09:34.834,1.59415,1.59445,1.00,3.20
2010.03.23 08:09:35.178,1.5941,1.59445,1.00,1.70
2010.03.23 08:09:36.355,1.5941,1.59445,1.00,1.00
2010.03.23 08:09:36.746,1.59415,1.5945,1.00,1.70
2010.03.23 08:09:37.245,1.5942,1.59455,1.00,7.30
2010.03.23 08:09:37.829,1.5942,1.59455,1.00,6.50
2010.03.23 08:09:38.389,1.5943,1.59455,1.00,6.40
2010.03.23 08:09:38.566,1.5943,1.59455,1.00,1.60
2010.03.23 08:09:38.906,1.5943,1.59465,1.00,4.90
2010.03.23 08:09:39.347,1.5944,1.59465,1.00,3.20
2010.03.23 08:09:39.671,1.5944,1.59475,1.60,1.70
2010.03.23 08:09:40.001,1.5944,1.5947,1.60,1.00
2010.03.23 08:09:40.334,1.5944,1.59475,1.70,1.70
2010.03.23 08:09:40.866,1.5944,1.59475,1.60,1.00
2010.03.23 08:09:41.205,1.59445,1.59475,1.60,1.00
2010.03.23 08:09:41.548,1.5944,1.5947,1.60,1.00
2010.03.23 08:09:41.788,1.59445,1.59475,1.60,1.00
2010.03.23 08:09:42.028,1.5944,1.5947,1.60,1.00
2010.03.23 08:09:42.764,1.5945,1.5948,1.60,3.70
2010.03.23 08:09:43.049,1.5944,1.59475,1.60,1.00
2010.03.23 08:09:43.610,1.5944,1.59465,1.60,1.00
2010.03.23 08:09:44.296,1.59435,1.59465,1.60,1.00
2010.03.23 08:09:45.228,1.5944,1.59475,1.00,3.30
2010.03.23 08:09:45.468,1.59445,1.5948,1.60,5.60
2010.03.23 08:09:45.689,1.5945,1.59475,1.60,1.00
2010.03.23 08:09:46.035,1.5944,1.59475,1.70,1.00
2010.03.23 08:09:46.374,1.5944,1.59475,1.60,1.00
2010.03.23 08:09:46.712,1.5945,1.59485,1.00,8.50
2010.03.23 08:09:47.056,1.5945,1.59485,1.70,6.90
2010.03.23 08:09:49.973,1.5945,1.59485,1.70,4.90
2010.03.23 08:09:50.477,1.59455,1.59485,1.60,4.90
2010.03.23 08:09:50.727,1.5946,1.5949,1.60,1.70
2010.03.23 08:09:51.221,1.5946,1.5949,1.60,1.00
2010.03.23 08:09:52.805,1.5946,1.59475,1.60,1.00
2010.03.23 08:09:52.968,1.5944,1.59475,3.30,1.00
2010.03.23 08:09:53.120,1.59445,1.5948,1.00,1.00
2010.03.23 08:09:53.273,1.5945,1.59475,1.60,1.00
2010.03.23 08:09:53.649,1.59445,1.59475,1.60,1.70
2010.03.23 08:09:53.995,1.59445,1.59475,2.00,1.70
2010.03.23 08:09:54.346,1.59445,1.59485,5.60,1.70
2010.03.23 08:09:54.699,1.59445,1.59475,3.60,1.00
2010.03.23 08:09:55.049,1.5945,1.59475,1.60,1.00
2010.03.23 08:09:55.395,1.5945,1.5948,1.60,1.00
2010.03.23 08:09:55.743,1.59445,1.59485,5.60,1.70
2010.03.23 08:09:56.316,1.5945,1.59485,1.60,1.70
2010.03.23 08:09:56.669,1.5945,1.59485,1.00,1.70
2010.03.23 08:09:57.021,1.5945,1.59485,1.70,1.70
2010.03.23 08:09:57.366,1.59455,1.59485,1.60,1.70
2010.03.23 08:09:58.291,1.59455,1.5949,1.70,1.00
2010.03.23 08:09:58.632,1.59455,1.59485,1.60,1.00
2010.03.23 08:10:00.751,1.5945,1.59485,3.60,1.00
2010.03.23 08:10:01.035,1.5946,1.59495,1.60,1.70
2010.03.23 08:10:02.559,1.5946,1.5949,1.60,1.00
2010.03.23 08:10:02.901,1.59455,1.5949,1.70,1.00
2010.03.23 08:10:03.456,1.59465,1.59495,1.60,1.70
2010.03.23 08:10:03.721,1.5947,1.59495,1.60,1.60
2010.03.23 08:10:04.581,1.59465,1.59495,1.60,1.70
2010.03.23 08:10:05.521,1.5947,1.59495,1.60,1.70
2010.03.23 08:10:09.239,1.59465,1.59495,1.60,1.70
2010.03.23 08:10:14.860,1.59465,1.59495,1.60,1.60
2010.03.23 08:10:16.806,1.59465,1.595,1.60,1.00
2010.03.23 08:10:17.066,1.59465,1.59505,1.60,4.90
2010.03.23 08:10:19.851,1.59465,1.59505,1.70,4.90
2010.03.23 08:10:20.252,1.5947,1.59505,1.60,4.90
2010.03.23 08:10:20.400,1.59465,1.595,1.60,1.00
2010.03.23 08:10:21.563,1.59465,1.595,1.60,1.00
2010.03.23 08:10:24.073,1.59465,1.595,1.60,1.00
2010.03.23 08:10:27.271,1.59465,1.595,1.70,1.00
2010.03.23 08:10:27.508,1.59465,1.59495,1.60,1.00
2010.03.23 08:10:27.746,1.59465,1.59495,1.60,1.70
2010.03.23 08:10:28.730,1.5946,1.5949,1.60,1.70
2010.03.23 08:10:31.081,1.5946,1.5949,1.70,1.60
2010.03.23 08:10:31.262,1.59465,1.5949,1.60,1.70
2010.03.23 08:10:31.442,1.5946,1.5949,1.60,1.70
2010.03.23 08:10:32.322,1.5946,1.5949,1.70,1.60
2010.03.23 08:10:32.662,1.5946,1.5949,1.60,1.70
2010.03.23 08:10:33.601,1.5946,1.5949,1.60,1.00
2010.03.23 08:10:33.933,1.59455,1.5949,1.70,1.00
2010.03.23 08:10:36.962,1.59455,1.59485,1.60,1.70
2010.03.23 08:10:37.203,1.5945,1.59485,1.70,1.70
2010.03.23 08:10:38.712,1.59455,1.5949,1.00,3.30
2010.03.23 08:10:39.052,1.59455,1.5949,1.70,1.00
2010.03.23 08:10:41.679,1.5946,1.59495,1.00,3.30
2010.03.23 08:10:41.911,1.5946,1.59495,2.40,3.30
2010.03.23 08:10:42.528,1.5947,1.595,1.60,1.00
2010.03.23 08:10:42.843,1.5947,1.59505,1.70,1.70
2010.03.23 08:10:44.590,1.59475,1.59505,1.60,1.70
2010.03.23 08:10:44.935,1.5947,1.595,2.20,1.00
2010.03.23 08:10:45.109,1.59465,1.595,6.40,1.00
2010.03.23 08:10:45.280,1.5946,1.595,8.50,1.00
2010.03.23 08:10:47.829,1.5947,1.595,1.00,1.00
2010.03.23 08:10:48.060,1.5947,1.595,2.20,1.00
2010.03.23 08:10:49.716,1.5948,1.59505,1.60,1.70
2010.03.23 08:10:50.457,1.5948,1.59505,2.60,1.00
2010.03.23 08:10:50.695,1.59485,1.59505,1.00,1.00
2010.03.23 08:10:51.042,1.5948,1.5951,1.60,1.00
2010.03.23 08:10:51.392,1.5947,1.595,2.60,1.00
2010.03.23 08:10:51.740,1.5947,1.595,1.60,1.00
2010.03.23 08:10:52.079,1.5947,1.59505,1.60,1.60
2010.03.23 08:10:52.547,1.5947,1.595,2.40,1.00
2010.03.23 08:10:52.895,1.59475,1.5951,1.60,1.00
2010.03.23 08:10:53.107,1.5947,1.5951,2.40,1.00
2010.03.23 08:10:53.320,1.59475,1.595,1.60,1.00
2010.03.23 08:10:53.533,1.5947,1.5951,2.40,1.00
2010.03.23 08:10:53.738,1.5947,1.59495,1.60,1.00
2010.03.23 08:10:54.389,1.59465,1.59495,1.60,1.00
2010.03.23 08:10:55.513,1.59465,1.595,2.40,1.00
2010.03.23 08:10:56.861,1.59465,1.595,2.80,1.00
2010.03.23 08:10:57.481,1.5947,1.59505,1.00,1.70
2010.03.23 08:10:57.805,1.5947,1.59505,1.00,1.00
2010.03.23 08:10:58.128,1.5948,1.5951,2.80,1.00
2010.03.23 08:10:58.460,1.59485,1.59515,3.60,1.00
2010.03.23 08:10:59.057,1.59485,1.59515,2.60,1.00
2010.03.23 08:11:02.284,1.59485,1.59515,2.60,1.70
2010.03.23 08:11:02.477,1.5949,1.5952,1.00,1.00
2010.03.23 08:11:02.665,1.5949,1.5952,2.60,1.00
2010.03.23 08:11:05.063,1.5949,1.59525,2.80,4.90
2010.03.23 08:11:05.584,1.5949,1.5952,2.60,1.00
2010.03.23 08:11:07.649,1.59495,1.59525,1.60,1.70
2010.03.23 08:11:08.013,1.5949,1.59525,1.70,1.70
2010.03.23 08:11:08.325,1.5949,1.59525,2.80,1.70
2010.03.23 08:11:08.627,1.5949,1.5952,2.60,1.00
2010.03.23 08:11:09.323,1.59485,1.5952,1.70,1.00
2010.03.23 08:11:09.668,1.5949,1.59525,1.60,1.70
2010.03.23 08:11:10.022,1.59485,1.5952,2.50,1.00
2010.03.23 08:11:10.627,1.5949,1.59525,1.60,1.60
2010.03.23 08:11:10.976,1.5949,1.5952,1.70,1.60
2010.03.23 08:11:12.613,1.5949,1.5952,1.60,3.30
2010.03.23 08:11:12.930,1.59485,1.5952,1.70,3.30
2010.03.23 08:11:13.674,1.59485,1.5952,1.70,1.00
2010.03.23 08:11:13.984,1.59485,1.5952,2.80,1.00
2010.03.23 08:11:15.412,1.5949,1.59525,2.80,1.70
2010.03.23 08:11:16.161,1.5949,1.5952,2.60,1.00
2010.03.23 08:11:16.717,1.59485,1.59515,1.60,1.00
2010.03.23 08:11:18.020,1.59485,1.5952,1.70,1.00
2010.03.23 08:11:18.361,1.59485,1.59515,1.60,1.00
2010.03.23 08:11:19.198,1.59485,1.59515,2.60,1.00
2010.03.23 08:11:19.658,1.5949,1.5952,1.60,1.00
2010.03.23 08:11:20.069,1.5949,1.5952,1.60,1.00
2010.03.23 08:11:29.467,1.59485,1.59515,1.60,1.00
2010.03.23 08:11:29.980,1.5949,1.5952,1.60,1.00
2010.03.23 08:11:30.237,1.5948,1.5951,1.00,1.00
2010.03.23 08:11:31.800,1.5948,1.59505,1.00,1.00
2010.03.23 08:11:32.790,1.5947,1.59505,3.20,1.00
2010.03.23 08:11:37.887,1.5947,1.59505,2.80,1.00
2010.03.23 08:11:38.166,1.5948,1.5951,1.00,1.00
2010.03.23 08:11:38.451,1.59485,1.5951,2.80,1.00
2010.03.23 08:11:39.056,1.5949,1.5951,1.60,1.00
2010.03.23 08:11:39.374,1.5949,1.5951,2.60,1.00
2010.03.23 08:11:40.587,1.595,1.5951,1.60,1.00
2010.03.23 08:11:40.931,1.5949,1.5951,1.00,1.00
2010.03.23 08:11:41.931,1.5949,1.5951,1.60,1.00
2010.03.23 08:11:42.278,1.5949,1.5951,2.60,1.00
2010.03.23 08:11:42.618,1.59505,1.5953,1.60,1.00
2010.03.23 08:11:42.957,1.59495,1.5951,2.00,1.00
2010.03.23 08:11:43.297,1.59505,1.5951,1.60,1.00
2010.03.23 08:11:43.637,1.59495,1.5951,2.10,1.00
2010.03.23 08:11:43.976,1.595,1.5951,1.00,1.00
2010.03.23 08:11:44.196,1.59505,1.5951,1.60,1.00
2010.03.23 08:11:44.419,1.595,1.5951,1.00,1.00
2010.03.23 08:11:44.644,1.59495,1.5951,2.00,1.00
2010.03.23 08:11:45.122,1.59495,1.5951,2.10,1.00
2010.03.23 08:11:45.322,1.59505,1.59545,1.60,1.70
2010.03.23 08:11:45.896,1.5951,1.59545,1.60,1.70
2010.03.23 08:11:46.087,1.5951,1.5954,1.60,1.00
2010.03.23 08:11:46.275,1.595,1.5954,2.40,1.00
2010.03.23 08:11:46.585,1.595,1.5953,1.00,1.00
2010.03.23 08:11:46.902,1.59495,1.59525,4.00,1.70
2010.03.23 08:11:47.218,1.59495,1.59525,4.10,1.60
2010.03.23 08:11:47.566,1.59505,1.59535,3.20,4.10
2010.03.23 08:11:47.907,1.59505,1.5953,1.60,1.00
2010.03.23 08:11:48.255,1.59495,1.5953,3.70,1.00
2010.03.23 08:11:48.784,1.59495,1.5953,1.70,1.00
2010.03.23 08:11:49.533,1.59495,1.5953,1.60,1.00
2010.03.23 08:11:49.734,1.59495,1.5953,3.30,1.00
2010.03.23 08:11:49.933,1.595,1.5953,2.40,1.00
2010.03.23 08:11:53.285,1.59505,1.59535,1.00,1.60
2010.03.23 08:11:53.663,1.5951,1.5953,3.20,1.00
2010.03.23 08:11:53.918,1.595,1.5953,2.40,1.00
2010.03.23 08:11:56.295,1.595,1.5953,1.60,1.00
2010.03.23 08:11:56.333,1.59495,1.5953,4.20,1.00
2010.03.23 08:11:56.634,1.59495,1.5953,2.60,1.00
2010.03.23 08:12:00.301,1.59495,1.5953,3.00,1.00
2010.03.23 08:12:00.433,1.59495,1.5953,4.60,1.00
2010.03.23 08:12:00.749,1.59495,1.5953,4.80,1.00
2010.03.23 08:12:00.961,1.59495,1.59525,1.60,1.60
2010.03.23 08:12:01.165,1.5949,1.5952,1.00,1.00
2010.03.23 08:12:01.362,1.59485,1.5952,3.20,1.00
2010.03.23 08:12:04.659,1.5949,1.5952,1.60,1.00
2010.03.23 08:12:05.503,1.5949,1.5951,1.60,1.00
2010.03.23 08:12:05.765,1.5948,1.59515,3.70,1.00
2010.03.23 08:12:06.022,1.59485,1.59515,1.60,1.00
2010.03.23 08:12:07.622,1.5948,1.5951,4.40,1.00
2010.03.23 08:12:08.768,1.5948,1.5951,2.80,1.00
2010.03.23 08:12:10.823,1.5948,1.59495,2.40,1.00
2010.03.23 08:12:10.979,1.59465,1.59495,1.60,1.00
2010.03.23 08:12:15.322,1.5946,1.59495,2.10,1.00
2010.03.23 08:12:15.579,1.59465,1.59495,1.60,1.00
2010.03.23 08:12:17.175,1.59465,1.5949,1.60,1.00
2010.03.23 08:12:18.690,1.59465,1.59495,1.60,1.00
2010.03.23 08:12:20.691,1.59455,1.59475,2.00,1.00
2010.03.23 08:12:20.810,1.59445,1.5948,4.40,1.00
2010.03.23 08:12:20.926,1.59445,1.5948,2.80,1.00
2010.03.23 08:12:21.038,1.59445,1.5948,4.40,1.00
2010.03.23 08:12:21.448,1.59445,1.5948,3.30,1.00
2010.03.23 08:12:21.556,1.5945,1.59485,1.60,1.00
2010.03.23 08:12:22.006,1.5945,1.59485,1.60,1.00
2010.03.23 08:12:22.347,1.59455,1.59485,1.60,1.00
2010.03.23 08:12:23.049,1.59455,1.5948,1.60,1.00
2010.03.23 08:12:23.267,1.5945,1.59485,4.40,1.00
2010.03.23 08:12:23.485,1.5945,1.5948,1.00,1.00
2010.03.23 08:12:23.927,1.5945,1.59475,1.00,1.00
2010.03.23 08:12:24.628,1.59445,1.59475,1.60,1.70
2010.03.23 08:12:24.916,1.59445,1.5947,1.00,1.00
2010.03.23 08:12:25.255,1.5944,1.5947,7.40,1.00
2010.03.23 08:12:27.317,1.59445,1.5947,1.70,1.00
2010.03.23 08:12:27.548,1.59445,1.5947,3.20,1.00
2010.03.23 08:12:27.776,1.5944,1.5947,4.10,1.00
2010.03.23 08:12:28.258,1.5944,1.5947,1.00,1.00
2010.03.23 08:12:28.504,1.59445,1.5948,1.00,3.30
2010.03.23 08:12:28.755,1.59445,1.59475,1.60,1.00
2010.03.23 08:12:29.004,1.5944,1.59475,1.00,1.00
2010.03.23 08:12:29.254,1.59435,1.59475,6.70,1.00
2010.03.23 08:12:30.193,1.5944,1.59475,1.00,1.00
2010.03.23 08:12:31.824,1.5944,1.59465,1.00,1.00
2010.03.23 08:12:32.559,1.59445,1.59485,8.00,1.00
2010.03.23 08:12:32.805,1.5945,1.59485,3.60,1.00
2010.03.23 08:12:33.056,1.59455,1.5949,1.00,1.00
2010.03.23 08:12:33.305,1.59455,1.59485,2.80,1.00
2010.03.23 08:12:33.594,1.59455,1.5949,3.70,1.00
2010.03.23 08:12:33.935,1.59455,1.5949,1.70,1.00
2010.03.23 08:12:34.617,1.5946,1.59495,1.00,3.40
2010.03.23 08:12:34.855,1.59465,1.59495,1.60,1.00
2010.03.23 08:12:35.528,1.59465,1.59495,1.60,1.00
2010.03.23 08:12:37.585,1.5945,1.59475,1.00,1.00
2010.03.23 08:12:37.925,1.59435,1.59465,3.00,1.60
2010.03.23 08:12:38.156,1.59435,1.5945,1.40,1.00
2010.03.23 08:12:38.384,1.5942,1.5945,1.60,1.00
2010.03.23 08:12:38.891,1.5942,1.59445,2.40,1.60
2010.03.23 08:12:39.184,1.59415,1.5945,3.30,1.00
2010.03.23 08:12:39.483,1.5942,1.5945,1.60,1.00
2010.03.23 08:12:39.813,1.59415,1.59445,1.60,1.00
2010.03.23 08:12:40.452,1.5941,1.59445,1.70,3.70
2010.03.23 08:12:40.790,1.5941,1.59445,1.70,2.10
2010.03.23 08:12:41.130,1.5941,1.59445,1.70,3.70
2010.03.23 08:12:41.683,1.5941,1.59445,1.70,1.70
2010.03.23 08:12:41.946,1.5941,1.59445,1.70,5.70
2010.03.23 08:12:42.203,1.5941,1.59445,1.70,3.70
2010.03.23 08:12:42.543,1.5941,1.59445,1.70,1.00
2010.03.23 08:12:42.884,1.5941,1.59445,4.10,1.00
2010.03.23 08:12:43.323,1.5941,1.59445,1.70,1.00
2010.03.23 08:12:43.538,1.5941,1.59445,2.80,1.00
2010.03.23 08:12:44.151,1.59415,1.5945,1.00,1.00
2010.03.23 08:12:44.591,1.59415,1.5945,1.00,1.00
2010.03.23 08:12:45.135,1.5942,1.59455,1.00,5.70
2010.03.23 08:12:45.364,1.59415,1.5945,1.70,1.00
2010.03.23 08:12:45.604,1.5942,1.59455,1.00,7.30
2010.03.23 08:12:45.840,1.5942,1.59455,1.70,4.10
2010.03.23 08:12:46.079,1.5942,1.59455,1.70,1.00
2010.03.23 08:12:46.888,1.5942,1.5946,1.70,1.90
2010.03.23 08:12:48.309,1.59425,1.59455,1.00,1.60
2010.03.23 08:12:48.580,1.59425,1.59455,1.70,1.60
2010.03.23 08:12:48.769,1.59425,1.5946,1.70,1.00
2010.03.23 08:12:49.340,1.59425,1.59455,1.70,1.60
2010.03.23 08:12:49.748,1.5942,1.5945,1.60,1.00
2010.03.23 08:12:49.974,1.59415,1.5945,4.50,1.00
2010.03.23 08:12:50.194,1.5941,1.59445,6.40,1.00
2010.03.23 08:12:50.413,1.59415,1.5945,1.70,1.00
2010.03.23 08:12:51.123,1.5942,1.59455,1.70,1.00
2010.03.23 08:12:51.467,1.5942,1.5945,1.60,1.00
2010.03.23 08:12:52.150,1.59425,1.5946,1.70,1.00
2010.03.23 08:12:53.147,1.59425,1.5946,3.70,1.00
2010.03.23 08:12:54.257,1.5943,1.59465,1.00,1.70
2010.03.23 08:12:54.399,1.5943,1.5946,1.60,1.00
2010.03.23 08:12:54.538,1.59425,1.5946,1.70,1.00
2010.03.23 08:12:55.036,1.59425,1.5946,2.10,1.00
2010.03.23 08:12:55.265,1.59435,1.5947,1.00,1.70
2010.03.23 08:12:55.493,1.59435,1.5947,2.50,1.70
2010.03.23 08:12:55.720,1.5944,1.5947,2.90,1.60
2010.03.23 08:12:55.937,1.5944,1.5947,1.00,1.60
2010.03.23 08:12:56.158,1.59445,1.5947,1.00,1.60
2010.03.23 08:12:57.658,1.59455,1.5947,1.00,1.60
2010.03.23 08:12:58.140,1.5946,1.59475,1.00,1.00
2010.03.23 08:12:58.377,1.5946,1.5948,1.00,1.60
2010.03.23 08:12:59.292,1.59455,1.5948,1.00,1.60
2010.03.23 08:12:59.691,1.59455,1.5948,1.00,1.60
2010.03.23 08:12:59.779,1.59455,1.5948,2.10,1.60
2010.03.23 08:12:59.867,1.59455,1.59485,2.10,3.20
2010.03.23 08:13:00.254,1.59455,1.59485,2.80,1.60
2010.03.23 08:13:00.336,1.59455,1.59485,2.80,3.20
2010.03.23 08:13:00.427,1.59455,1.59485,2.80,5.20
2010.03.23 08:13:00.517,1.59455,1.59485,2.80,7.20
2010.03.23 08:13:00.605,1.59455,1.59485,2.80,5.60
2010.03.23 08:13:00.948,1.5946,1.59485,1.00,1.60
2010.03.23 08:13:01.285,1.5946,1.5949,1.00,5.60
2010.03.23 08:13:01.811,1.5946,1.59485,1.00,4.00
2010.03.23 08:13:02.157,1.5946,1.5949,1.00,1.00
2010.03.23 08:13:02.407,1.5946,1.59485,1.00,4.00
2010.03.23 08:13:03.138,1.5946,1.5948,1.00,4.00
2010.03.23 08:13:03.839,1.5946,1.59475,1.00,4.00
2010.03.23 08:13:04.116,1.59455,1.59475,1.00,4.00
2010.03.23 08:13:04.257,1.59455,1.59475,1.00,2.00
2010.03.23 08:13:04.396,1.59455,1.59475,1.00,4.00
2010.03.23 08:13:04.538,1.5946,1.59475,1.00,2.00
2010.03.23 08:13:05.248,1.5946,1.59485,1.00,4.00
2010.03.23 08:13:05.589,1.5946,1.59485,2.70,2.00
2010.03.23 08:13:05.936,1.59465,1.59485,1.70,2.00
2010.03.23 08:13:06.597,1.59465,1.5949,1.70,3.20
2010.03.23 08:13:06.932,1.59465,1.5949,1.00,3.20
2010.03.23 08:13:07.881,1.5946,1.59475,1.00,1.00
2010.03.23 08:13:08.229,1.59425,1.59455,1.00,1.00
2010.03.23 08:13:08.578,1.5941,1.59455,1.70,1.00
2010.03.23 08:13:08.965,1.59415,1.59455,1.60,1.70
2010.03.23 08:13:09.260,1.59415,1.5945,6.80,1.00
2010.03.23 08:13:09.556,1.59415,1.5945,2.80,1.00
2010.03.23 08:13:10.137,1.5942,1.59455,1.60,1.70
2010.03.23 08:13:10.477,1.59415,1.5945,2.80,1.00
2010.03.23 08:13:10.819,1.59415,1.5944,1.00,4.90
2010.03.23 08:13:11.167,1.59405,1.59435,1.00,1.60
2010.03.23 08:13:11.440,1.5939,1.59425,1.70,1.00
2010.03.23 08:13:11.708,1.5939,1.5942,1.70,4.00
2010.03.23 08:13:12.004,1.5939,1.5942,2.40,4.00
2010.03.23 08:13:12.270,1.5939,1.5942,1.00,4.00
2010.03.23 08:13:12.617,1.594,1.59425,1.00,2.00
2010.03.23 08:13:12.959,1.594,1.5943,1.00,3.20
2010.03.23 08:13:13.306,1.594,1.5943,1.00,1.60
2010.03.23 08:13:13.629,1.59405,1.59435,1.00,8.80
2010.03.23 08:13:13.946,1.5941,1.59435,1.00,8.80
2010.03.23 08:13:14.265,1.5941,1.59435,1.00,3.20
2010.03.23 08:13:14.586,1.594,1.59435,1.00,3.30
2010.03.23 08:13:15.066,1.5941,1.5943,1.00,1.60
2010.03.23 08:13:15.298,1.5941,1.59435,1.00,3.20
2010.03.23 08:13:15.531,1.594,1.59435,1.20,3.30
2010.03.23 08:13:15.806,1.594,1.5943,1.70,1.60
2010.03.23 08:13:16.091,1.594,1.59435,1.00,7.30
2010.03.23 08:13:16.631,1.59395,1.5943,1.00,1.00
2010.03.23 08:13:16.980,1.5941,1.5943,1.00,1.60
2010.03.23 08:13:17.338,1.5941,1.5944,1.70,1.60
2010.03.23 08:13:17.969,1.5941,1.59445,2.50,3.30
2010.03.23 08:13:18.315,1.59405,1.5944,2.80,1.00
2010.03.23 08:13:18.654,1.59405,1.59445,2.80,5.20
2010.03.23 08:13:18.994,1.5941,1.59445,1.70,3.60
2010.03.23 08:13:19.611,1.5941,1.5944,2.60,1.00
2010.03.23 08:13:19.958,1.5941,1.59445,1.70,1.70
2010.03.23 08:13:20.376,1.59405,1.5944,1.70,1.00
2010.03.23 08:13:20.584,1.5941,1.59445,1.70,3.70
2010.03.23 08:13:20.794,1.59405,1.5944,3.30,1.00
2010.03.23 08:13:21.005,1.5941,1.59445,1.70,1.70
2010.03.23 08:13:21.569,1.59405,1.59435,2.60,1.00
2010.03.23 08:13:21.623,1.594,1.59435,1.70,1.00
2010.03.23 08:13:22.234,1.594,1.59435,1.70,1.70
2010.03.23 08:13:22.508,1.59405,1.59435,1.00,1.60
2010.03.23 08:13:22.787,1.59405,1.5943,1.00,3.60
2010.03.23 08:13:23.065,1.594,1.5943,1.00,5.60
2010.03.23 08:13:24.571,1.594,1.5943,1.00,3.60
2010.03.23 08:13:24.660,1.594,1.5943,1.00,4.40
2010.03.23 08:13:24.753,1.59395,1.5943,1.60,4.70
2010.03.23 08:13:24.931,1.5939,1.59425,1.00,3.30
2010.03.23 08:13:25.020,1.5939,1.59425,1.00,9.90
2010.03.23 08:13:25.113,1.59385,1.59415,1.00,1.00
2010.03.23 08:13:25.662,1.5938,1.59415,1.70,1.00
2010.03.23 08:13:27.985,1.59385,1.5942,1.00,1.00
2010.03.23 08:13:28.150,1.5938,1.59415,1.70,1.00
2010.03.23 08:13:28.611,1.59385,1.5942,1.00,1.00
2010.03.23 08:13:29.036,1.5939,1.59425,1.00,4.90
2010.03.23 08:13:29.385,1.59385,1.5942,1.70,1.00
2010.03.23 08:13:30.071,1.5939,1.59425,1.70,1.00
2010.03.23 08:13:30.328,1.59385,1.5942,6.80,1.00
2010.03.23 08:13:30.589,1.5939,1.59425,1.70,1.00
2010.03.23 08:13:32.852,1.59385,1.59425,1.70,1.70
2010.03.23 08:13:33.196,1.5939,1.5942,1.60,1.00
2010.03.23 08:13:33.489,1.5939,1.59425,2.80,1.70
2010.03.23 08:13:33.773,1.59395,1.59425,1.00,1.60
2010.03.23 08:13:34.239,1.5939,1.59425,1.60,1.70
2010.03.23 08:13:34.536,1.5939,1.59425,1.60,1.00
2010.03.23 08:13:34.829,1.5939,1.59425,1.60,1.00
2010.03.23 08:13:36.007,1.594,1.59435,2.80,3.30
2010.03.23 08:13:36.102,1.59405,1.59435,1.60,1.00
2010.03.23 08:13:36.701,1.59405,1.5944,2.80,1.00
2010.03.23 08:13:37.448,1.59405,1.5944,4.40,1.00
2010.03.23 08:13:38.040,1.59405,1.59435,3.20,1.00
2010.03.23 08:13:38.314,1.594,1.5942,2.60,1.00
2010.03.23 08:13:38.594,1.59395,1.5943,6.40,1.00
2010.03.23 08:13:39.189,1.594,1.5943,1.60,1.00
2010.03.23 08:13:39.788,1.594,1.5943,2.60,1.00
2010.03.23 08:13:40.060,1.59405,1.5943,1.60,1.00
2010.03.23 08:13:40.847,1.59405,1.59435,2.40,1.00
2010.03.23 08:13:41.177,1.5941,1.59435,1.60,1.00
2010.03.23 08:13:41.508,1.59405,1.5943,1.60,1.00
2010.03.23 08:13:41.837,1.594,1.5943,1.60,1.00
2010.03.23 08:13:43.697,1.594,1.59435,2.80,1.00
2010.03.23 08:13:43.940,1.5941,1.59435,1.60,1.00
2010.03.23 08:13:44.190,1.5941,1.59435,2.60,1.00
2010.03.23 08:13:44.878,1.5942,1.5945,1.60,3.30
2010.03.23 08:13:45.227,1.59415,1.5945,2.80,1.00
2010.03.23 08:13:46.179,1.59415,1.5945,2.80,1.70
2010.03.23 08:13:48.044,1.59415,1.59445,2.60,1.00
2010.03.23 08:13:50.024,1.59415,1.59445,1.00,1.00
2010.03.23 08:13:50.085,1.59415,1.5944,1.00,1.00
2010.03.23 08:13:50.393,1.5941,1.5944,2.60,1.00
2010.03.23 08:13:50.503,1.5941,1.5944,1.60,1.00
2010.03.23 08:13:50.616,1.5941,1.5944,1.00,1.00
2010.03.23 08:13:50.674,1.5941,1.5944,2.40,1.00
2010.03.23 08:13:50.928,1.5941,1.59445,3.30,1.70
2010.03.23 08:13:51.175,1.5941,1.59445,4.50,1.00
2010.03.23 08:13:51.679,1.5941,1.59445,3.30,1.00
2010.03.23 08:13:52.844,1.59415,1.5945,1.00,1.70
2010.03.23 08:13:53.407,1.59405,1.5944,2.80,1.00
2010.03.23 08:13:53.557,1.5941,1.5944,1.00,1.00
2010.03.23 08:13:53.702,1.59405,1.5944,1.00,1.00
2010.03.23 08:13:54.197,1.5941,1.59445,1.00,3.30
2010.03.23 08:13:54.883,1.59405,1.5944,2.50,1.00
2010.03.23 08:13:55.280,1.59405,1.5944,1.00,1.00
2010.03.23 08:13:55.478,1.59405,1.59435,1.60,1.00
2010.03.23 08:13:58.086,1.59405,1.5944,1.00,1.70
2010.03.23 08:13:58.612,1.594,1.59435,2.80,1.00
2010.03.23 08:13:58.863,1.59405,1.59435,1.60,1.00
2010.03.23 08:13:59.811,1.59405,1.5944,1.70,1.70
2010.03.23 08:14:00.515,1.59405,1.5943,1.60,1.00
2010.03.23 08:14:00.815,1.594,1.5943,2.40,1.00
2010.03.23 08:14:02.042,1.59395,1.5943,9.70,1.00
2010.03.23 08:14:03.041,1.59395,1.5943,11.30,1.00
2010.03.23 08:14:03.930,1.59395,1.5943,7.70,1.00
2010.03.23 08:14:05.171,1.59395,1.5943,6.90,1.00
2010.03.23 08:14:05.371,1.59395,1.5943,3.70,1.00
2010.03.23 08:14:05.572,1.594,1.59435,1.00,3.30
2010.03.23 08:14:06.043,1.59395,1.5943,2.90,1.00
2010.03.23 08:14:07.619,1.59395,1.5943,1.70,1.00
2010.03.23 08:14:07.960,1.59395,1.5943,1.70,1.70
2010.03.23 08:14:08.701,1.59395,1.59425,1.60,1.00
2010.03.23 08:14:08.869,1.5939,1.59425,4.10,1.00
2010.03.23 08:14:09.042,1.5939,1.59425,2.50,1.00
2010.03.23 08:14:09.213,1.5939,1.59425,1.00,1.00
2010.03.23 08:14:09.663,1.5939,1.59425,2.10,1.00
2010.03.23 08:14:09.972,1.5939,1.59425,3.70,1.00
2010.03.23 08:14:11.171,1.59385,1.5942,1.70,1.70
2010.03.23 08:14:11.470,1.59385,1.5942,1.00,1.70
2010.03.23 08:14:11.948,1.5938,1.5941,2.00,1.00
2010.03.23 08:14:12.171,1.59375,1.5941,1.70,1.70
2010.03.23 08:14:12.741,1.59375,1.5941,1.70,1.00
2010.03.23 08:14:13.079,1.59375,1.5941,1.70,1.70
2010.03.23 08:14:13.896,1.5937,1.594,2.10,1.60
2010.03.23 08:14:14.246,1.59375,1.5941,1.00,2.50
2010.03.23 08:14:14.596,1.59375,1.5941,1.00,1.70
2010.03.23 08:14:14.732,1.59375,1.5941,1.00,1.00
2010.03.23 08:14:15.280,1.59375,1.5941,2.10,1.00
2010.03.23 08:14:16.839,1.5938,1.59415,1.00,1.70
2010.03.23 08:14:17.293,1.59375,1.5941,1.00,1.00
2010.03.23 08:14:17.547,1.59375,1.5941,3.60,1.00
2010.03.23 08:14:17.794,1.59375,1.5941,3.20,1.00
2010.03.23 08:14:18.422,1.59375,1.5941,4.90,1.00
2010.03.23 08:14:18.774,1.59375,1.59405,3.60,1.00
2010.03.23 08:14:19.121,1.59365,1.59405,7.30,1.70
2010.03.23 08:14:19.467,1.59365,1.59405,5.30,1.70
2010.03.23 08:14:20.062,1.59365,1.59395,1.60,1.00
2010.03.23 08:14:20.313,1.59365,1.594,1.70,1.00
2010.03.23 08:14:20.813,1.59365,1.59395,2.00,1.00
2010.03.23 08:14:21.092,1.5937,1.59405,1.70,1.00
2010.03.23 08:14:22.566,1.5937,1.59405,1.60,1.70
2010.03.23 08:14:22.908,1.59365,1.59405,5.70,4.90
2010.03.23 08:14:23.496,1.59365,1.59405,1.70,4.90
2010.03.23 08:14:23.829,1.5937,1.59405,1.00,4.90
2010.03.23 08:14:24.160,1.59365,1.594,1.00,1.00
2010.03.23 08:14:24.401,1.5937,1.594,1.00,2.40
2010.03.23 08:14:24.640,1.5937,1.59405,1.00,1.70
2010.03.23 08:14:24.869,1.5937,1.59405,1.00,1.00
2010.03.23 08:14:25.395,1.59365,1.594,1.00,1.00
2010.03.23 08:14:26.347,1.59365,1.594,4.10,1.00
2010.03.23 08:14:27.061,1.5937,1.59405,1.70,1.00
2010.03.23 08:14:27.377,1.5937,1.59405,5.70,1.00
2010.03.23 08:14:28.057,1.5937,1.594,4.00,1.00
2010.03.23 08:14:28.397,1.5937,1.59405,1.00,3.30
2010.03.23 08:14:28.740,1.59365,1.594,5.70,1.00
2010.03.23 08:14:28.969,1.59365,1.594,4.10,3.30
2010.03.23 08:14:29.196,1.59365,1.594,1.00,3.30
2010.03.23 08:14:31.364,1.59365,1.594,1.70,3.30
2010.03.23 08:14:31.575,1.59365,1.594,1.70,1.00
2010.03.23 08:14:31.915,1.5937,1.59405,1.00,3.30
2010.03.23 08:14:34.228,1.5938,1.59415,1.00,1.00
2010.03.23 08:14:34.794,1.59375,1.5941,3.30,1.00
2010.03.23 08:14:34.987,1.5938,1.59415,1.00,1.00
2010.03.23 08:14:35.174,1.5938,1.59415,1.70,1.00
2010.03.23 08:14:35.366,1.59385,1.5942,1.60,1.60
2010.03.23 08:14:35.855,1.59385,1.59425,1.60,1.70
2010.03.23 08:14:36.185,1.5939,1.59425,1.70,1.70
2010.03.23 08:14:36.516,1.59385,1.59425,1.60,1.70
2010.03.23 08:14:36.845,1.5938,1.59415,1.70,1.00
2010.03.23 08:14:38.038,1.5938,1.5941,1.60,1.00
2010.03.23 08:14:38.188,1.59385,1.5942,1.00,6.10
2010.03.23 08:14:38.340,1.5938,1.5941,1.00,1.00
2010.03.23 08:14:38.781,1.59375,1.5941,3.70,1.00
2010.03.23 08:14:38.928,1.5937,1.59405,2.10,1.70
2010.03.23 08:14:39.073,1.5937,1.59405,1.00,1.70
2010.03.23 08:14:40.094,1.5937,1.59405,1.00,1.00
2010.03.23 08:14:41.585,1.59375,1.5941,1.00,2.50
2010.03.23 08:14:42.054,1.59375,1.59405,1.00,1.60
2010.03.23 08:14:42.318,1.5937,1.59405,1.00,2.90
2010.03.23 08:14:42.664,1.5937,1.59405,1.00,1.00
2010.03.23 08:14:43.004,1.59365,1.594,1.70,1.00
2010.03.23 08:14:44.507,1.5937,1.59405,3.30,1.00
2010.03.23 08:14:44.613,1.5937,1.59405,3.30,1.00
2010.03.23 08:14:44.811,1.5937,1.594,3.20,1.00
2010.03.23 08:14:44.912,1.5937,1.59405,1.70,1.70
2010.03.23 08:14:45.312,1.5937,1.59405,3.30,1.00
2010.03.23 08:14:45.419,1.5937,1.59405,5.30,1.00
2010.03.23 08:14:45.522,1.59375,1.5941,1.00,1.00
2010.03.23 08:14:45.863,1.5938,1.59405,1.60,1.00
2010.03.23 08:14:46.202,1.5937,1.59405,5.30,1.00
2010.03.23 08:14:46.881,1.5937,1.59405,3.30,1.00
2010.03.23 08:14:47.712,1.5937,1.59405,1.70,1.00
2010.03.23 08:14:47.967,1.59365,1.594,9.70,1.00
2010.03.23 08:14:48.207,1.5937,1.59395,2.00,1.00
2010.03.23 08:14:48.443,1.5936,1.59395,3.70,1.00
2010.03.23 08:14:48.883,1.5936,1.59395,1.70,1.00
2010.03.23 08:14:50.483,1.59365,1.59395,3.20,1.00
2010.03.23 08:14:51.016,1.5937,1.59405,1.00,4.80
2010.03.23 08:14:51.150,1.5937,1.59405,1.00,3.30
2010.03.23 08:14:51.289,1.5937,1.59405,1.70,1.00
2010.03.23 08:14:52.543,1.59365,1.594,5.30,1.00
2010.03.23 08:14:53.483,1.59365,1.5939,2.00,1.00
2010.03.23 08:14:53.831,1.59355,1.5939,3.70,1.00
2010.03.23 08:14:54.171,1.59355,1.5939,1.00,1.70
2010.03.23 08:14:54.514,1.5936,1.5939,1.00,1.60
2010.03.23 08:14:54.865,1.5936,1.59395,1.00,6.50
2010.03.23 08:14:55.551,1.5935,1.59385,2.10,1.00
2010.03.23 08:14:59.716,1.5935,1.59385,2.10,1.70
2010.03.23 08:15:00.088,1.5935,1.59385,1.00,1.70
2010.03.23 08:15:00.731,1.5934,1.5937,3.30,1.60
2010.03.23 08:15:01.283,1.5934,1.59375,1.00,5.30
2010.03.23 08:15:01.624,1.5936,1.5937,1.00,1.00
2010.03.23 08:15:01.936,1.59355,1.59365,1.60,1.60
2010.03.23 08:15:02.258,1.59335,1.5937,2.80,2.50
2010.03.23 08:15:02.562,1.59335,1.5937,1.70,1.70
2010.03.23 08:15:02.908,1.59335,1.5937,1.70,2.50
2010.03.23 08:15:03.250,1.59345,1.59385,1.70,7.70
2010.03.23 08:15:03.843,1.5935,1.59385,3.70,1.00
2010.03.23 08:15:04.160,1.5935,1.59385,1.00,1.00
2010.03.23 08:15:05.067,1.5935,1.59385,4.10,1.00
2010.03.23 08:15:05.547,1.59355,1.5939,1.00,1.70
2010.03.23 08:15:06.247,1.5935,1.59385,4.10,1.00
2010.03.23 08:15:06.458,1.5935,1.59385,2.10,2.50
2010.03.23 08:15:06.671,1.5935,1.59385,1.00,3.30
2010.03.23 08:15:07.278,1.5935,1.59385,1.00,6.50
2010.03.23 08:15:07.611,1.59345,1.5938,1.00,4.50
2010.03.23 08:15:07.952,1.59345,1.59375,1.70,1.60
2010.03.23 08:15:08.568,1.5936,1.59385,1.00,1.60
2010.03.23 08:15:08.915,1.5935,1.59395,1.00,1.70
2010.03.23 08:15:09.199,1.59355,1.59395,1.00,1.60
2010.03.23 08:15:09.765,1.5937,1.59395,1.00,1.60
2010.03.23 08:15:10.315,1.59365,1.59395,1.00,1.60
2010.03.23 08:15:10.623,1.5935,1.5939,3.60,3.30
2010.03.23 08:15:10.928,1.59345,1.5938,2.50,1.70
2010.03.23 08:15:11.227,1.5934,1.59375,1.00,1.00
2010.03.23 08:15:12.644,1.5934,1.5938,1.00,1.70
2010.03.23 08:15:13.595,1.59345,1.5938,1.00,1.00
2010.03.23 08:15:17.162,1.59345,1.5938,1.70,1.00
2010.03.23 08:15:18.402,1.59345,1.5938,3.30,1.00
2010.03.23 08:15:18.747,1.59355,1.5939,1.00,1.70
2010.03.23 08:15:18.893,1.59355,1.5939,1.70,1.00
2010.03.23 08:15:21.215,1.5935,1.5937,4.40,1.00
2010.03.23 08:15:21.464,1.59335,1.5937,2.50,1.00
2010.03.23 08:15:21.713,1.5934,1.5937,1.60,1.00
2010.03.23 08:15:22.403,1.5934,1.5937,2.40,1.00
2010.03.23 08:15:22.745,1.5935,1.59385,1.60,3.70
2010.03.23 08:15:23.088,1.5934,1.5938,4.10,1.70
2010.03.23 08:15:23.652,1.5934,1.59385,1.70,4.10
2010.03.23 08:15:23.954,1.5934,1.59375,1.60,1.00
2010.03.23 08:15:24.264,1.5934,1.5938,5.70,1.00
2010.03.23 08:15:24.563,1.59345,1.59385,1.70,3.20
2010.03.23 08:15:24.864,1.5934,1.5938,6.50,1.00
2010.03.23 08:15:25.165,1.59345,1.59385,1.70,1.60
2010.03.23 08:15:25.412,1.5934,1.5938,2.50,1.00
2010.03.23 08:15:25.717,1.59345,1.59385,1.70,1.60
2010.03.23 08:15:25.969,1.5934,1.5938,6.10,1.00
2010.03.23 08:15:26.214,1.59345,1.5938,3.60,1.00
2010.03.23 08:15:26.466,1.59345,1.5939,1.70,6.50
2010.03.23 08:15:26.724,1.59345,1.5939,1.70,1.70
2010.03.23 08:15:26.977,1.59345,1.5939,1.70,2.50
2010.03.23 08:15:27.444,1.59345,1.5939,1.70,5.70
2010.03.23 08:15:27.788,1.59355,1.5938,1.00,1.00
2010.03.23 08:15:28.137,1.5934,1.59375,1.00,1.00
2010.03.23 08:15:28.819,1.59335,1.5937,4.90,1.00
2010.03.23 08:15:29.833,1.59335,1.5937,1.00,1.00
2010.03.23 08:15:29.948,1.59335,1.5937,1.00,1.00
2010.03.23 08:15:30.151,1.59335,1.5937,1.00,1.70
2010.03.23 08:15:30.262,1.5933,1.59365,1.00,1.00
2010.03.23 08:15:30.375,1.5933,1.59365,1.00,1.00
2010.03.23 08:15:30.817,1.59335,1.5937,1.00,1.00
2010.03.23 08:15:31.164,1.5933,1.59365,2.50,1.00
2010.03.23 08:15:31.515,1.59335,1.5937,1.00,1.00
2010.03.23 08:15:31.754,1.5933,1.59365,2.10,1.00
2010.03.23 08:15:31.990,1.5933,1.59365,1.00,1.00
2010.03.23 08:15:33.025,1.5933,1.5936,2.00,1.70
2010.03.23 08:15:33.371,1.5933,1.59365,1.00,3.30
2010.03.23 08:15:33.712,1.5933,1.5936,1.00,1.60
2010.03.23 08:15:34.287,1.59325,1.59355,4.00,1.00
2010.03.23 08:15:34.635,1.5933,1.59365,1.00,1.00
2010.03.23 08:15:35.510,1.5933,1.59365,1.70,1.00
2010.03.23 08:15:35.803,1.59335,1.59365,2.00,1.00
2010.03.23 08:15:36.332,1.5933,1.59365,2.10,1.70
2010.03.23 08:15:36.539,1.5933,1.59365,1.00,3.30
2010.03.23 08:15:37.299,1.5933,1.59365,1.00,3.50
2010.03.23 08:15:38.437,1.5933,1.59365,1.00,1.90
2010.03.23 08:15:38.668,1.5933,1.59365,1.00,1.80
2010.03.23 08:15:38.910,1.59325,1.5935,2.00,1.00
2010.03.23 08:15:39.154,1.5932,1.59355,1.00,1.00
2010.03.23 08:15:39.320,1.5932,1.59355,4.10,1.00
2010.03.23 08:15:39.490,1.59325,1.5936,1.00,1.70
2010.03.23 08:15:39.947,1.5933,1.5936,1.00,1.60
2010.03.23 08:15:40.126,1.59325,1.59355,1.00,1.00
2010.03.23 08:15:40.470,1.59325,1.59355,1.00,1.00
2010.03.23 08:15:40.809,1.5933,1.59355,1.00,1.00
2010.03.23 08:15:42.591,1.59325,1.59355,1.00,2.10
2010.03.23 08:15:42.939,1.59325,1.59355,1.00,1.00
2010.03.23 08:15:44.297,1.5933,1.59355,1.00,1.00
2010.03.23 08:15:46.857,1.59335,1.59355,1.00,1.00
2010.03.23 08:15:47.011,1.59335,1.59355,1.70,1.00
2010.03.23 08:15:47.156,1.5934,1.59355,1.00,1.00
2010.03.23 08:15:48.141,1.59335,1.59355,1.00,1.00
2010.03.23 08:15:48.486,1.5933,1.59355,2.50,1.00
2010.03.23 08:15:48.831,1.59335,1.59355,1.00,1.00
2010.03.23 08:15:49.299,1.59355,1.5937,1.00,4.10
2010.03.23 08:15:49.828,1.59345,1.59355,1.00,1.00
2010.03.23 08:15:50.010,1.5935,1.5937,1.00,2.00
2010.03.23 08:15:50.198,1.5935,1.5938,1.00,4.00
2010.03.23 08:15:50.375,1.5935,1.59385,1.00,8.50
2010.03.23 08:15:51.156,1.5935,1.59385,1.00,6.50
2010.03.23 08:15:51.836,1.59365,1.59385,1.00,4.80
2010.03.23 08:15:52.183,1.5936,1.59385,1.60,1.00
2010.03.23 08:15:52.807,1.5936,1.5939,2.00,1.00
2010.03.23 08:15:53.137,1.59355,1.5939,2.00,1.00
2010.03.23 08:15:53.476,1.5936,1.59395,1.00,4.90
2010.03.23 08:15:53.816,1.5936,1.59395,2.00,1.60
2010.03.23 08:15:54.154,1.59355,1.59395,1.70,1.60
2010.03.23 08:15:54.836,1.5935,1.5939,1.60,1.00
2010.03.23 08:15:54.987,1.5935,1.59385,1.70,1.00
2010.03.23 08:15:55.137,1.5935,1.59385,1.00,1.70
2010.03.23 08:15:55.629,1.5935,1.59385,1.00,1.00
2010.03.23 08:15:55.976,1.5935,1.5939,2.10,1.70
2010.03.23 08:15:56.318,1.59355,1.5939,4.10,1.00
2010.03.23 08:15:58.374,1.59355,1.5939,1.00,1.00
2010.03.23 08:15:59.065,1.59355,1.5939,1.00,1.00
2010.03.23 08:15:59.301,1.59355,1.5939,1.00,1.00
2010.03.23 08:16:00.284,1.59355,1.5939,1.00,1.00
2010.03.23 08:16:02.341,1.59365,1.5939,1.00,1.00
2010.03.23 08:16:02.514,1.59365,1.59395,1.00,1.60
2010.03.23 08:16:02.684,1.59375,1.59405,2.50,1.00
2010.03.23 08:16:03.106,1.5938,1.5941,1.60,1.00
2010.03.23 08:16:03.389,1.59365,1.594,6.90,1.70
2010.03.23 08:16:03.667,1.5937,1.59405,1.00,4.90
2010.03.23 08:16:04.308,1.5937,1.59405,2.50,1.00
2010.03.23 08:16:04.649,1.5937,1.59405,2.50,2.10
2010.03.23 08:16:04.978,1.5937,1.59405,3.30,2.10
2010.03.23 08:16:05.572,1.5937,1.59405,3.30,1.00
2010.03.23 08:16:06.224,1.5937,1.59405,4.10,1.00
2010.03.23 08:16:06.522,1.5937,1.59405,3.30,1.00
2010.03.23 08:16:06.822,1.59375,1.59405,1.60,1.00
2010.03.23 08:16:07.373,1.5937,1.59405,4.10,1.00
2010.03.23 08:16:07.715,1.59375,1.59405,1.60,1.00
2010.03.23 08:16:08.055,1.5937,1.59405,3.30,1.00
2010.03.23 08:16:08.351,1.5937,1.59405,3.30,2.10
2010.03.23 08:16:10.271,1.5937,1.59405,3.30,1.00
2010.03.23 08:16:14.430,1.5937,1.594,3.20,1.00
2010.03.23 08:16:14.590,1.5937,1.594,1.60,1.00
2010.03.23 08:16:15.342,1.5937,1.59405,1.00,3.30
2010.03.23 08:16:15.664,1.59365,1.594,1.00,1.70
2010.03.23 08:16:15.990,1.59365,1.59405,1.70,4.30
2010.03.23 08:16:16.490,1.59375,1.59405,1.00,1.00
2010.03.23 08:16:16.826,1.59365,1.594,5.30,1.00
2010.03.23 08:16:17.172,1.59365,1.594,3.70,1.00
2010.03.23 08:16:17.521,1.59365,1.594,4.90,1.00
2010.03.23 08:16:17.859,1.59365,1.594,7.70,1.00
2010.03.23 08:16:18.200,1.5937,1.59405,1.00,1.00
2010.03.23 08:16:18.821,1.5937,1.59405,5.70,1.00
2010.03.23 08:16:19.111,1.5937,1.59405,6.90,1.00
2010.03.23 08:16:19.413,1.59365,1.594,1.00,1.00
2010.03.23 08:16:19.541,1.59365,1.594,1.00,1.00
2010.03.23 08:16:19.928,1.59365,1.594,1.00,1.00
2010.03.23 08:16:20.049,1.59365,1.594,1.00,1.00
2010.03.23 08:16:22.257,1.5936,1.594,1.00,1.90
2010.03.23 08:16:22.449,1.5937,1.594,1.00,1.00
2010.03.23 08:16:22.639,1.5938,1.59405,1.00,1.70
2010.03.23 08:16:23.165,1.59365,1.59395,1.60,1.00
2010.03.23 08:16:23.709,1.59365,1.594,1.70,1.00
2010.03.23 08:16:24.018,1.5937,1.594,1.00,1.00
2010.03.23 08:16:26.041,1.59365,1.594,1.70,1.00
2010.03.23 08:16:26.301,1.59365,1.594,3.30,1.00
2010.03.23 08:16:26.707,1.5937,1.594,1.00,1.00
2010.03.23 08:16:27.640,1.59375,1.594,1.00,1.00
2010.03.23 08:16:28.808,1.59375,1.594,1.70,1.00
2010.03.23 08:16:29.066,1.59375,1.594,1.00,1.00
2010.03.23 08:16:29.750,1.59375,1.594,1.70,1.00
2010.03.23 08:16:30.287,1.59375,1.594,4.50,1.00
2010.03.23 08:16:30.486,1.59375,1.594,2.50,1.00
2010.03.23 08:16:30.886,1.59375,1.594,1.70,1.00
2010.03.23 08:16:31.087,1.59375,1.594,2.50,1.00
2010.03.23 08:16:31.427,1.59375,1.594,1.70,1.00
2010.03.23 08:16:32.279,1.5937,1.594,8.90,1.00
2010.03.23 08:16:32.456,1.59375,1.594,1.70,1.00
2010.03.23 08:16:32.626,1.59375,1.594,2.50,1.00
2010.03.23 08:16:32.965,1.59375,1.594,1.70,1.00
2010.03.23 08:16:33.139,1.5937,1.594,4.50,1.00
2010.03.23 08:16:33.487,1.59375,1.5941,1.00,1.00
2010.03.23 08:16:33.825,1.59375,1.594,2.50,1.00
2010.03.23 08:16:34.677,1.59375,1.594,1.70,1.00
2010.03.23 08:16:34.886,1.59375,1.594,2.50,1.00
2010.03.23 08:16:38.659,1.5938,1.594,2.40,1.00
2010.03.23 08:16:38.947,1.5938,1.594,1.60,1.00
2010.03.23 08:16:39.378,1.5938,1.594,2.40,1.00
2010.03.23 08:16:40.014,1.5938,1.594,1.60,1.00
2010.03.23 08:16:40.543,1.5938,1.594,2.40,1.00
2010.03.23 08:16:40.723,1.5938,1.594,1.60,1.00
2010.03.23 08:16:40.944,1.5938,1.594,2.40,1.00
2010.03.23 08:16:41.164,1.59375,1.594,1.70,1.00
2010.03.23 08:16:41.693,1.59375,1.594,1.60,1.00
2010.03.23 08:16:41.914,1.5937,1.594,3.30,1.00
2010.03.23 08:16:42.495,1.5937,1.594,1.70,1.00
2010.03.23 08:16:43.562,1.5937,1.594,1.00,1.00
2010.03.23 08:16:45.565,1.5937,1.594,1.70,1.00
2010.03.23 08:16:49.171,1.5937,1.594,1.00,1.00
2010.03.23 08:16:56.100,1.5938,1.594,4.00,1.00
2010.03.23 08:16:56.418,1.5938,1.594,4.10,1.00
2010.03.23 08:16:56.734,1.59375,1.594,15.40,1.00
2010.03.23 08:16:57.748,1.5938,1.594,4.90,1.00
2010.03.23 08:16:57.951,1.5938,1.5941,1.60,1.00
2010.03.23 08:16:58.150,1.59375,1.594,5.70,1.00
2010.03.23 08:16:58.350,1.59375,1.594,3.20,1.00
2010.03.23 08:16:59.062,1.5937,1.594,4.10,1.00
2010.03.23 08:17:00.897,1.5937,1.594,4.90,1.00
2010.03.23 08:17:01.501,1.59375,1.594,3.30,1.00
2010.03.23 08:17:01.701,1.59375,1.594,2.40,1.00
2010.03.23 08:17:01.902,1.59375,1.594,1.00,1.00
2010.03.23 08:17:02.108,1.59375,1.594,3.30,1.00
2010.03.23 08:17:02.309,1.59375,1.594,2.40,1.00
2010.03.23 08:17:02.652,1.5937,1.594,4.90,1.00
2010.03.23 08:17:03.918,1.5938,1.594,1.70,1.00
2010.03.23 08:17:04.222,1.59385,1.594,1.00,1.00
2010.03.23 08:17:04.520,1.5938,1.594,1.60,1.00
2010.03.23 08:17:06.176,1.5938,1.594,2.40,1.00
2010.03.23 08:17:07.897,1.59385,1.594,1.00,1.00
2010.03.23 08:17:08.130,1.59395,1.5944,1.70,1.00
2010.03.23 08:17:08.359,1.59395,1.59435,1.00,1.00
2010.03.23 08:17:08.679,1.594,1.59445,1.00,3.30
2010.03.23 08:17:08.869,1.59395,1.5944,2.00,1.00
2010.03.23 08:17:09.057,1.59395,1.59445,1.00,3.20
2010.03.23 08:17:09.250,1.59395,1.5943,1.70,1.00
2010.03.23 08:17:09.450,1.59395,1.5943,2.40,1.00
2010.03.23 08:17:09.648,1.59395,1.59435,1.60,1.70
2010.03.23 08:17:10.054,1.59395,1.59435,1.60,1.00
2010.03.23 08:17:10.400,1.59395,1.5943,2.40,1.00
2010.03.23 08:17:10.746,1.59395,1.5943,1.60,1.00
2010.03.23 08:17:10.986,1.59395,1.59435,4.00,1.00
2010.03.23 08:17:11.227,1.59395,1.59435,6.00,1.80
2010.03.23 08:17:11.696,1.59395,1.59435,4.00,1.80
2010.03.23 08:17:12.519,1.59395,1.5944,3.20,5.50
2010.03.23 08:17:12.836,1.59395,1.59435,4.00,1.80
2010.03.23 08:17:13.685,1.59395,1.5943,4.00,1.00
2010.03.23 08:17:13.835,1.59395,1.5943,1.60,1.00
2010.03.23 08:17:14.036,1.59395,1.59435,1.70,1.00
2010.03.23 08:17:14.235,1.59395,1.59435,6.90,1.00
2010.03.23 08:17:14.436,1.59395,1.59435,3.70,1.00
2010.03.23 08:17:14.916,1.59395,1.59435,3.70,1.70
2010.03.23 08:17:15.255,1.59395,1.59435,5.30,1.00
2010.03.23 08:17:15.594,1.59395,1.59435,3.70,1.00
2010.03.23 08:17:15.768,1.594,1.59435,1.60,1.00
2010.03.23 08:17:16.104,1.59405,1.5944,1.00,1.60
2010.03.23 08:17:16.533,1.59405,1.5944,1.00,1.00
2010.03.23 08:17:16.857,1.5941,1.59445,1.00,1.70
2010.03.23 08:17:17.186,1.59405,1.5944,4.50,1.00
2010.03.23 08:17:17.475,1.59405,1.5944,1.00,1.00
2010.03.23 08:17:17.765,1.594,1.59435,8.90,1.00
2010.03.23 08:17:18.056,1.594,1.59435,4.50,1.00
2010.03.23 08:17:18.433,1.594,1.59435,1.70,1.00
2010.03.23 08:17:18.749,1.59395,1.5943,1.00,1.00
2010.03.23 08:17:19.944,1.59395,1.5943,1.70,1.00
2010.03.23 08:17:20.217,1.5939,1.59425,1.60,1.00
2010.03.23 08:17:20.877,1.59385,1.5942,5.30,1.00
2010.03.23 08:17:21.055,1.5939,1.59425,1.00,1.70
2010.03.23 08:17:21.235,1.5939,1.59425,2.50,1.00
2010.03.23 08:17:21.765,1.59405,1.59435,1.00,5.20
2010.03.23 08:17:22.110,1.59415,1.59445,1.60,2.90
2010.03.23 08:17:22.462,1.5941,1.59445,2.50,1.70
2010.03.23 08:17:22.810,1.59415,1.5944,1.00,1.00
2010.03.23 08:17:23.160,1.59405,1.5944,2.00,1.00
2010.03.23 08:17:23.509,1.594,1.59435,7.20,1.00
2010.03.23 08:17:23.859,1.5941,1.59445,1.60,1.70
2010.03.23 08:17:24.207,1.59405,1.59435,4.00,1.60
2010.03.23 08:17:24.791,1.59405,1.59435,2.00,3.30
2010.03.23 08:17:25.014,1.5939,1.59435,7.30,3.40
2010.03.23 08:17:25.232,1.59395,1.59435,1.70,1.70
2010.03.23 08:17:25.453,1.59395,1.59435,5.60,1.80
2010.03.23 08:17:25.675,1.59395,1.5943,4.00,1.00
2010.03.23 08:17:25.894,1.59395,1.59435,1.60,1.80
2010.03.23 08:17:26.225,1.59395,1.5943,4.00,1.00
2010.03.23 08:17:26.561,1.594,1.5943,1.00,1.70
2010.03.23 08:17:26.898,1.5939,1.5943,3.60,1.70
2010.03.23 08:17:27.482,1.5939,1.5943,3.70,1.70
2010.03.23 08:17:28.062,1.59395,1.5943,1.00,1.00
2010.03.23 08:17:28.686,1.59395,1.59435,4.10,3.50
2010.03.23 08:17:28.996,1.59395,1.5943,1.70,1.00
2010.03.23 08:17:29.551,1.59395,1.5943,5.70,1.00
2010.03.23 08:17:29.895,1.59395,1.5943,2.10,1.00
2010.03.23 08:17:30.248,1.59395,1.5943,6.50,1.00
2010.03.23 08:17:30.497,1.59395,1.5943,3.30,1.00
2010.03.23 08:17:31.010,1.59395,1.5942,2.80,1.00
2010.03.23 08:17:31.258,1.59385,1.5942,5.30,1.00
2010.03.23 08:17:31.462,1.59385,1.5942,1.70,1.00
2010.03.23 08:17:32.280,1.59385,1.5942,3.30,1.00
2010.03.23 08:17:32.622,1.59385,1.5942,1.00,1.00
2010.03.23 08:17:33.810,1.5938,1.59415,5.30,1.00
2010.03.23 08:17:34.087,1.5938,1.59415,3.70,1.00
2010.03.23 08:17:34.261,1.5938,1.5942,1.00,2.70
2010.03.23 08:17:35.869,1.5938,1.59415,1.00,1.70
2010.03.23 08:17:39.582,1.5938,1.59415,1.00,1.00
2010.03.23 08:17:40.781,1.59375,1.5941,3.60,1.00
2010.03.23 08:17:40.945,1.5938,1.59415,1.00,4.90
2010.03.23 08:17:41.453,1.5937,1.59405,3.70,1.00
2010.03.23 08:17:41.909,1.5937,1.59405,2.10,1.00
2010.03.23 08:17:42.139,1.59375,1.5941,1.00,1.70
2010.03.23 08:17:43.560,1.5938,1.59415,1.00,4.90
2010.03.23 08:17:43.800,1.5937,1.59405,4.90,1.70
2010.03.23 08:17:43.918,1.5937,1.59405,1.00,1.70
2010.03.23 08:17:44.159,1.5937,1.59405,1.00,3.30
2010.03.23 08:17:44.399,1.5937,1.59405,1.00,1.70
2010.03.23 08:17:44.516,1.5937,1.59405,1.00,1.80
2010.03.23 08:17:45.363,1.59375,1.59405,1.00,1.00
2010.03.23 08:17:45.650,1.5937,1.59405,1.00,1.80
2010.03.23 08:17:45.859,1.59375,1.5941,1.00,3.30
2010.03.23 08:17:46.489,1.59365,1.59405,2.50,1.60
2010.03.23 08:17:46.699,1.59365,1.594,1.00,1.70
2010.03.23 08:17:47.029,1.59355,1.5939,1.70,1.00
2010.03.23 08:17:47.492,1.59355,1.5939,1.00,1.70
2010.03.23 08:17:47.822,1.5935,1.59385,5.60,1.60
2010.03.23 08:17:48.038,1.59345,1.59385,1.70,1.60
2010.03.23 08:17:48.668,1.59345,1.5939,4.90,2.50
2010.03.23 08:17:48.878,1.59345,1.5939,8.90,1.70
2010.03.23 08:17:49.116,1.59345,1.5939,6.90,1.70
2010.03.23 08:17:49.356,1.59345,1.5939,4.90,1.70
2010.03.23 08:17:49.596,1.59345,1.5939,6.90,1.70
2010.03.23 08:17:49.938,1.59345,1.5939,4.90,1.70
2010.03.23 08:17:50.450,1.59345,1.5937,4.80,1.00
2010.03.23 08:17:50.527,1.59345,1.5937,3.20,1.00
2010.03.23 08:17:50.606,1.59345,1.5937,1.60,1.00
2010.03.23 08:17:50.686,1.59335,1.5937,4.90,1.00
2010.03.23 08:17:50.976,1.59335,1.5937,5.70,1.00
2010.03.23 08:17:51.056,1.59345,1.5938,1.00,1.70
2010.03.23 08:17:52.167,1.5934,1.5938,1.00,1.70
2010.03.23 08:17:52.411,1.5934,1.59375,1.00,1.00
2010.03.23 08:17:52.649,1.5934,1.5938,1.00,1.70
2010.03.23 08:17:52.886,1.5934,1.59375,1.00,1.00
2010.03.23 08:17:53.127,1.5934,1.5938,1.00,1.70
2010.03.23 08:17:53.368,1.5934,1.59375,1.00,1.00
2010.03.23 08:17:53.637,1.59345,1.5938,1.00,1.00
2010.03.23 08:17:54.165,1.59345,1.59385,1.70,4.80
2010.03.23 08:17:54.182,1.59345,1.59385,1.70,3.20
2010.03.23 08:17:54.410,1.59345,1.59385,1.70,1.60
2010.03.23 08:17:57.351,1.5934,1.5937,2.80,1.00
2010.03.23 08:17:57.579,1.59335,1.5937,1.00,1.00
2010.03.23 08:17:58.052,1.5933,1.59365,6.50,1.00
2010.03.23 08:17:58.287,1.5933,1.59365,1.00,1.00
2010.03.23 08:17:58.748,1.5933,1.59365,1.00,1.70
2010.03.23 08:17:59.479,1.5933,1.59365,1.00,1.80
2010.03.23 08:17:59.764,1.5933,1.59365,3.30,1.80
2010.03.23 08:18:01.154,1.5933,1.59365,3.30,1.00
2010.03.23 08:18:01.464,1.59335,1.5937,1.00,1.00
2010.03.23 08:18:01.776,1.59335,1.59365,1.60,1.70
2010.03.23 08:18:02.086,1.5933,1.5936,1.60,1.00
2010.03.23 08:18:02.725,1.59335,1.59365,1.60,1.70
2010.03.23 08:18:03.764,1.59335,1.5936,1.60,1.00
2010.03.23 08:18:10.205,1.59335,1.5936,4.00,1.00
2010.03.23 08:18:10.867,1.59325,1.5936,1.70,1.00
2010.03.23 08:18:11.894,1.59325,1.59355,3.60,1.00
2010.03.23 08:18:12.571,1.59325,1.59355,5.60,1.00
2010.03.23 08:18:14.952,1.59325,1.59355,3.60,1.00
2010.03.23 08:18:15.129,1.59325,1.59355,5.60,1.00
2010.03.23 08:18:15.852,1.59325,1.5935,5.60,1.00
2010.03.23 08:18:16.093,1.5932,1.5935,5.60,1.00
2010.03.23 08:18:16.331,1.5932,1.5935,1.60,1.00
2010.03.23 08:18:17.185,1.5932,1.59345,1.60,1.00
2010.03.23 08:18:17.525,1.5933,1.59345,4.00,1.00
2010.03.23 08:18:17.863,1.59315,1.59345,1.60,1.00
2010.03.23 08:18:19.641,1.5931,1.59335,1.60,1.00
2010.03.23 08:18:19.870,1.593,1.59335,1.00,1.70
2010.03.23 08:18:20.102,1.59295,1.5933,1.70,1.00
2010.03.23 08:18:20.250,1.59295,1.59325,1.60,1.00
2010.03.23 08:18:20.698,1.5929,1.59325,1.00,1.00
2010.03.23 08:18:21.314,1.59285,1.59325,3.60,1.70
2010.03.23 08:18:21.634,1.59285,1.5932,5.70,1.00
2010.03.23 08:18:22.121,1.59285,1.59325,3.70,1.60
2010.03.23 08:18:22.351,1.59285,1.59315,2.00,1.70
2010.03.23 08:18:22.561,1.59285,1.5932,1.70,1.00
2010.03.23 08:18:22.782,1.59285,1.59325,3.70,2.00
2010.03.23 08:18:23.233,1.59285,1.5932,5.70,1.00
2010.03.23 08:18:23.582,1.59285,1.5932,1.70,1.00
2010.03.23 08:18:24.261,1.59285,1.59325,1.70,4.20
2010.03.23 08:18:24.498,1.59285,1.59325,1.70,6.20
2010.03.23 08:18:24.738,1.59285,1.59325,1.00,7.80
2010.03.23 08:18:25.338,1.59285,1.59325,1.00,5.80
2010.03.23 08:18:25.622,1.59285,1.59325,1.00,3.80
2010.03.23 08:18:25.898,1.59285,1.59325,1.70,2.20
2010.03.23 08:18:26.179,1.59285,1.5932,1.70,1.00
2010.03.23 08:18:26.460,1.59285,1.5932,1.70,1.70
2010.03.23 08:18:26.976,1.59285,1.5932,1.00,1.70
2010.03.23 08:18:27.310,1.59285,1.59315,1.00,1.60
2010.03.23 08:18:30.057,1.5929,1.59315,1.00,1.60
2010.03.23 08:18:30.136,1.593,1.5932,1.00,1.00
2010.03.23 08:18:30.202,1.593,1.59325,1.00,1.60
2010.03.23 08:18:30.548,1.593,1.59335,1.70,3.70
2010.03.23 08:18:30.622,1.593,1.59335,5.70,1.00
2010.03.23 08:18:30.689,1.59305,1.5934,1.00,1.00
2010.03.23 08:18:31.377,1.59305,1.5934,1.00,1.70
2010.03.23 08:18:32.111,1.59305,1.59335,1.00,1.60
2010.03.23 08:18:32.369,1.59305,1.59335,1.00,3.20
2010.03.23 08:18:32.629,1.59305,1.5933,1.00,1.60
2010.03.23 08:18:33.499,1.59305,1.59335,1.00,3.20
2010.03.23 08:18:33.843,1.593,1.59325,1.00,1.60
2010.03.23 08:18:35.593,1.593,1.59335,1.00,6.50
2010.03.23 08:18:35.817,1.593,1.59335,1.00,7.30
2010.03.23 08:18:36.049,1.59295,1.5933,1.00,1.00
2010.03.23 08:18:42.764,1.59295,1.5933,1.70,1.00
2010.03.23 08:18:43.065,1.593,1.59335,1.00,1.70
2010.03.23 08:18:43.642,1.593,1.59335,1.00,1.00
2010.03.23 08:18:43.803,1.593,1.59335,1.00,1.70
2010.03.23 08:18:46.072,1.593,1.59335,1.70,1.70
2010.03.23 08:18:46.373,1.593,1.59335,1.70,1.00
2010.03.23 08:18:51.286,1.593,1.59335,1.00,1.00
2010.03.23 08:18:51.406,1.593,1.59335,1.00,1.70
2010.03.23 08:18:51.860,1.593,1.59335,1.00,1.00
2010.03.23 08:18:56.409,1.593,1.59335,1.70,1.00
2010.03.23 08:18:57.035,1.59315,1.5934,1.00,2.40
2010.03.23 08:18:57.152,1.59315,1.5934,1.00,1.60
2010.03.23 08:18:57.497,1.59325,1.59355,1.00,1.60
2010.03.23 08:18:57.843,1.59325,1.59355,1.70,1.60
2010.03.23 08:19:01.038,1.59325,1.5936,1.70,1.00
2010.03.23 08:19:01.258,1.59325,1.5936,3.30,1.00
2010.03.23 08:19:02.100,1.59325,1.5936,6.50,1.00
2010.03.23 08:19:02.335,1.59325,1.59355,4.00,1.00
2010.03.23 08:19:02.576,1.5933,1.5936,1.60,1.00
2010.03.23 08:19:03.254,1.5933,1.59355,1.60,1.00
2010.03.23 08:19:04.141,1.5932,1.5935,3.20,1.00
2010.03.23 08:19:04.568,1.5932,1.5935,1.60,1.00
2010.03.23 08:19:05.997,1.59325,1.5935,1.60,1.00
2010.03.23 08:19:07.889,1.59325,1.59355,1.60,1.70
2010.03.23 08:19:09.619,1.59325,1.5935,1.60,1.00
2010.03.23 08:19:10.980,1.59325,1.59355,1.60,1.00
2010.03.23 08:19:11.309,1.59325,1.59355,1.60,1.70
2010.03.23 08:19:13.398,1.59335,1.59365,1.60,3.30
2010.03.23 08:19:13.600,1.59335,1.59355,1.60,1.00
2010.03.23 08:19:13.808,1.5933,1.59355,1.60,1.00
2010.03.23 08:19:15.809,1.59325,1.59345,1.60,1.00
2010.03.23 08:19:15.991,1.59325,1.5935,1.60,1.00
2010.03.23 08:19:16.665,1.5932,1.59355,2.50,1.70
2010.03.23 08:19:16.850,1.5932,1.59355,4.50,1.00
2010.03.23 08:19:17.199,1.5932,1.59355,1.60,1.00
2010.03.23 08:19:17.547,1.5932,1.59355,1.60,1.70
2010.03.23 08:19:18.226,1.5932,1.5935,1.60,1.00
2010.03.23 08:19:18.906,1.5932,1.59345,1.60,1.00
2010.03.23 08:19:20.366,1.5932,1.5935,1.60,1.00
2010.03.23 08:19:22.143,1.59325,1.59355,1.00,2.40
2010.03.23 08:19:22.226,1.59325,1.5936,1.00,1.00
2010.03.23 08:19:23.094,1.59325,1.5936,1.70,1.00
2010.03.23 08:19:23.486,1.5933,1.59365,3.30,1.70
2010.03.23 08:19:24.069,1.59335,1.59365,1.60,1.70
2010.03.23 08:19:24.325,1.59335,1.59365,1.60,1.00
2010.03.23 08:19:26.763,1.59335,1.59365,1.60,1.70
2010.03.23 08:19:27.403,1.59335,1.5936,1.60,1.00
2010.03.23 08:19:27.603,1.59325,1.5936,6.10,1.00
2010.03.23 08:19:27.805,1.59325,1.5936,1.60,1.60
2010.03.23 08:19:28.291,1.59325,1.5936,1.70,1.00
2010.03.23 08:19:28.485,1.5933,1.59365,1.00,3.30
2010.03.23 08:19:28.825,1.59325,1.59355,1.60,1.00
2010.03.23 08:19:31.682,1.5933,1.59355,1.00,1.00
2010.03.23 08:19:32.006,1.59335,1.5936,1.60,1.00
2010.03.23 08:19:33.112,1.59335,1.59365,1.60,1.70
2010.03.23 08:19:33.363,1.59335,1.5937,1.70,1.70
2010.03.23 08:19:33.612,1.59335,1.5937,5.30,1.00
2010.03.23 08:19:33.861,1.5934,1.5937,1.60,1.00
2010.03.23 08:19:34.888,1.59345,1.5937,1.60,1.00
2010.03.23 08:19:35.625,1.59345,1.59375,4.00,1.00
2010.03.23 08:19:35.910,1.59345,1.59375,5.60,1.00
2010.03.23 08:19:36.167,1.5936,1.5938,1.60,1.00
2010.03.23 08:19:36.498,1.59365,1.59415,1.70,2.00
2010.03.23 08:19:36.976,1.59365,1.59415,5.20,2.10
2010.03.23 08:19:37.298,1.59365,1.59415,3.20,1.70
2010.03.23 08:19:38.240,1.5937,1.59405,1.00,1.70
2010.03.23 08:19:38.583,1.5937,1.59405,3.30,1.70
2010.03.23 08:19:38.863,1.5937,1.59405,1.60,1.70
2010.03.23 08:19:39.144,1.5937,1.594,1.60,1.00
2010.03.23 08:19:39.432,1.59365,1.594,3.20,1.00
2010.03.23 08:19:40.248,1.5936,1.594,3.20,1.00
2010.03.23 08:19:40.537,1.5936,1.59395,1.70,3.30
2010.03.23 08:19:40.804,1.5936,1.59385,1.00,1.60
2010.03.23 08:19:41.072,1.59355,1.59385,1.00,1.60
2010.03.23 08:19:41.592,1.5935,1.59385,1.70,1.70
2010.03.23 08:19:41.881,1.5935,1.59385,1.70,1.00
2010.03.23 08:19:44.048,1.59355,1.5939,1.00,1.70
2010.03.23 08:19:44.579,1.59355,1.5939,2.10,1.70
2010.03.23 08:19:44.838,1.59355,1.5939,4.10,1.70
2010.03.23 08:19:45.709,1.59355,1.5939,4.10,1.00
2010.03.23 08:19:46.252,1.5936,1.5939,2.00,1.00
2010.03.23 08:19:46.511,1.59365,1.59395,2.00,3.20
2010.03.23 08:19:47.031,1.59365,1.59395,2.10,1.60
2010.03.23 08:19:47.575,1.59365,1.59405,7.80,1.60
2010.03.23 08:19:47.922,1.5937,1.59405,4.10,1.60
2010.03.23 08:19:49.550,1.59375,1.59405,1.00,1.60
2010.03.23 08:19:49.974,1.59375,1.5941,1.00,1.00
2010.03.23 08:19:50.145,1.59375,1.5941,2.10,1.00
2010.03.23 08:19:51.956,1.59375,1.5941,2.90,1.00
2010.03.23 08:19:52.303,1.59385,1.5942,1.00,1.00
2010.03.23 08:19:52.656,1.59385,1.59415,1.00,1.60
2010.03.23 08:19:52.931,1.59385,1.59415,3.70,1.60
2010.03.23 08:19:53.275,1.59385,1.59415,2.10,1.60
2010.03.23 08:19:53.550,1.59385,1.5942,1.00,1.00
2010.03.23 08:19:55.517,1.5938,1.5941,1.00,1.00
2010.03.23 08:19:57.671,1.59375,1.5941,6.50,1.00
2010.03.23 08:19:57.921,1.59375,1.59405,2.40,1.00
2010.03.23 08:19:58.272,1.59375,1.5941,3.70,1.00
2010.03.23 08:19:58.621,1.59375,1.594,2.80,1.00
2010.03.23 08:19:59.265,1.59375,1.59405,1.00,1.70
2010.03.23 08:19:59.613,1.5937,1.59395,1.00,1.00
2010.03.23 08:19:59.960,1.59355,1.5939,4.00,1.00
2010.03.23 08:20:00.314,1.59345,1.5938,6.10,1.70
2010.03.23 08:20:00.660,1.59345,1.5938,1.00,2.50
2010.03.23 08:20:01.008,1.59345,1.5938,1.00,2.50
2010.03.23 08:20:02.267,1.5935,1.5937,1.00,1.00
2010.03.23 08:20:03.145,1.5935,1.59385,1.00,5.80
2010.03.23 08:20:04.399,1.59345,1.59385,2.50,4.00
2010.03.23 08:20:04.596,1.59345,1.59385,1.00,3.60
2010.03.23 08:20:05.083,1.5935,1.59385,1.00,1.00
2010.03.23 08:20:05.279,1.5935,1.59385,1.00,1.70
2010.03.23 08:20:05.606,1.59345,1.59385,4.10,1.00
2010.03.23 08:20:05.937,1.5935,1.59385,1.00,1.00
2010.03.23 08:20:07.738,1.59365,1.59385,1.60,1.00
2010.03.23 08:20:07.895,1.59375,1.59385,1.00,1.00
2010.03.23 08:20:08.057,1.5938,1.59385,1.60,1.00
2010.03.23 08:20:08.216,1.59365,1.59385,1.00,1.00
2010.03.23 08:20:08.655,1.5936,1.59385,1.60,1.00
2010.03.23 08:20:09.000,1.59365,1.59395,1.00,1.60
2010.03.23 08:20:09.345,1.59355,1.59395,4.10,1.60
2010.03.23 08:20:10.304,1.59355,1.5939,2.40,1.00
2010.03.23 08:20:10.790,1.59355,1.5938,2.40,1.00
2010.03.23 08:20:10.943,1.59355,1.5938,2.50,1.00
2010.03.23 08:20:11.106,1.59355,1.5938,1.00,1.00
2010.03.23 08:20:11.423,1.5935,1.5938,1.00,1.00
2010.03.23 08:20:12.215,1.5935,1.5938,1.00,1.00
2010.03.23 08:20:12.556,1.5935,1.5938,1.00,1.00
2010.03.23 08:20:12.895,1.59355,1.5938,1.00,1.00
2010.03.23 08:20:13.093,1.5935,1.5938,1.00,1.00
2010.03.23 08:20:13.294,1.5935,1.5938,1.00,1.00
2010.03.23 08:20:14.962,1.5935,1.5938,1.00,1.00
2010.03.23 08:20:15.214,1.5935,1.5938,1.00,1.00
2010.03.23 08:20:15.341,1.59345,1.5938,4.10,1.00
2010.03.23 08:20:15.472,1.59355,1.5938,1.00,1.00
2010.03.23 08:20:15.602,1.59345,1.5938,6.10,1.00
2010.03.23 08:20:15.731,1.5935,1.5938,1.00,1.00
2010.03.23 08:20:16.230,1.59345,1.5938,4.10,1.00
2010.03.23 08:20:16.506,1.5935,1.5938,1.00,1.00
2010.03.23 08:20:16.775,1.5935,1.5938,6.00,1.00
2010.03.23 08:20:17.046,1.5935,1.5938,2.40,1.00
2010.03.23 08:20:18.147,1.5935,1.5938,1.00,1.00
2010.03.23 08:20:18.494,1.5935,1.5938,2.50,1.00
2010.03.23 08:20:19.104,1.59355,1.5938,1.00,1.00
2010.03.23 08:20:19.453,1.59345,1.5938,3.70,1.00
2010.03.23 08:20:19.675,1.59345,1.5938,1.00,1.00
2010.03.23 08:20:19.902,1.59345,1.5938,2.50,1.00
2010.03.23 08:20:20.124,1.5935,1.5938,1.00,1.00
2010.03.23 08:20:22.263,1.59355,1.5938,1.00,1.00
2010.03.23 08:20:22.601,1.59345,1.5938,1.70,1.00
2010.03.23 08:20:22.893,1.5935,1.5938,1.00,1.00
2010.03.23 08:20:24.125,1.59345,1.5938,1.70,1.00
2010.03.23 08:20:24.405,1.5935,1.5938,1.00,1.00
2010.03.23 08:20:29.489,1.59345,1.5938,3.30,1.00
2010.03.23 08:20:29.962,1.5935,1.5938,1.00,1.00
2010.03.23 08:20:32.835,1.59355,1.5938,1.00,1.00
2010.03.23 08:20:34.457,1.59355,1.5938,1.70,1.00
2010.03.23 08:20:34.597,1.59355,1.5938,1.00,1.00
2010.03.23 08:20:35.258,1.59355,1.5938,1.10,1.00
2010.03.23 08:20:35.401,1.5936,1.5938,1.00,1.00
2010.03.23 08:20:35.650,1.59355,1.5938,1.00,1.00
2010.03.23 08:20:35.887,1.59355,1.5938,1.00,1.00
2010.03.23 08:20:39.656,1.59355,1.5938,1.70,1.00
2010.03.23 08:20:39.766,1.5936,1.5938,1.00,1.00
2010.03.23 08:20:41.651,1.59355,1.5938,1.70,1.00
2010.03.23 08:20:41.877,1.5936,1.5938,2.50,1.00
2010.03.23 08:20:42.109,1.59355,1.5938,1.70,1.00
2010.03.23 08:20:42.447,1.5936,1.5938,1.70,1.00
2010.03.23 08:20:43.040,1.5936,1.5938,2.70,1.00
2010.03.23 08:20:43.245,1.59365,1.5938,1.00,1.00
2010.03.23 08:20:43.448,1.5936,1.5938,1.00,1.00
2010.03.23 08:20:43.646,1.59365,1.5938,1.00,1.00
2010.03.23 08:20:43.845,1.59365,1.5938,2.70,1.00
2010.03.23 08:20:44.049,1.59365,1.5938,2.50,1.00
2010.03.23 08:20:44.510,1.5936,1.5938,4.30,1.00
2010.03.23 08:20:44.861,1.59365,1.5938,1.00,1.00
2010.03.23 08:20:46.502,1.59365,1.5938,1.70,1.00
2010.03.23 08:20:46.798,1.5937,1.5938,1.00,1.00
2010.03.23 08:20:47.097,1.5937,1.5938,2.70,1.00
2010.03.23 08:20:49.317,1.59375,1.5938,1.00,1.00
2010.03.23 08:20:49.972,1.59375,1.59415,1.00,1.60
2010.03.23 08:20:50.861,1.59375,1.5942,1.00,3.30
2010.03.23 08:20:52.473,1.5938,1.5941,1.00,3.20
2010.03.23 08:20:52.943,1.5938,1.59415,1.00,7.70
2010.03.23 08:20:53.643,1.5937,1.59415,2.70,9.30
