2017.12.20 05:00:00.420,1.31937,1.31968,2.14,1.39
2017.12.20 05:00:00.729,1.3194,1.31967,1.00,1.20
2017.12.20 05:00:01.258,1.3194,1.31967,1.00,2.51
2017.12.20 05:00:21.890,1.3194,1.31968,1.00,1.26
2017.12.20 05:00:22.199,1.3194,1.31968,1.07,1.19
2017.12.20 05:00:22.735,1.3194,1.31969,1.19,2.14
2017.12.20 05:00:23.351,1.3194,1.31969,1.00,3.26
2017.12.20 05:00:23.762,1.3194,1.31966,1.00,1.39
2017.12.20 05:00:24.120,1.3194,1.31967,1.19,2.32
2017.12.20 05:00:24.224,1.3194,1.31969,1.19,2.51
2017.12.20 05:00:24.480,1.3194,1.31967,1.25,1.00
2017.12.20 05:00:25.205,1.3194,1.31967,1.32,1.00
2017.12.20 05:00:25.723,1.3194,1.31969,1.32,2.44
2017.12.20 05:00:26.988,1.3194,1.31967,1.39,1.00
2017.12.20 05:00:27.370,1.3194,1.31967,1.07,1.31
2017.12.20 05:00:27.894,1.3194,1.31966,1.10,1.19
2017.12.20 05:00:29.800,1.31937,1.31966,1.12,1.76
2017.12.20 05:00:34.733,1.31936,1.31966,2.14,2.44
2017.12.20 05:00:40.017,1.31937,1.31966,1.07,2.44
2017.12.20 05:00:41.076,1.31935,1.31966,4.01,2.81
2017.12.20 05:00:49.024,1.31935,1.31966,3.26,2.81
2017.12.20 05:00:49.581,1.31935,1.31964,2.51,1.00
2017.12.20 05:00:51.003,1.31936,1.31966,1.01,1.87
2017.12.20 05:00:51.548,1.31935,1.31966,3.26,1.31
2017.12.20 05:00:57.461,1.31936,1.31966,1.26,2.06
2017.12.20 05:00:58.806,1.31936,1.31966,1.26,2.06
2017.12.20 05:00:59.337,1.31936,1.31966,1.26,2.06
2017.12.20 05:01:12.894,1.31941,1.31967,1.39,2.25
2017.12.20 05:01:13.443,1.3194,1.31968,1.07,1.69
2017.12.20 05:01:14.079,1.3194,1.31968,1.07,1.69
2017.12.20 05:01:14.388,1.31937,1.31966,1.01,2.06
2017.12.20 05:01:18.100,1.31937,1.31966,1.01,1.69
2017.12.20 05:01:18.663,1.31938,1.31966,1.07,1.69
2017.12.20 05:01:19.123,1.31937,1.31966,1.01,1.69
2017.12.20 05:01:19.700,1.31937,1.31966,1.01,1.69
2017.12.20 05:01:23.328,1.31937,1.31966,1.01,1.69
2017.12.20 05:01:26.958,1.31937,1.31966,1.45,1.69
2017.12.20 05:01:27.730,1.31938,1.31966,1.07,1.69
2017.12.20 05:01:28.894,1.31937,1.31966,1.37,1.76
2017.12.20 05:01:29.161,1.31936,1.31966,2.44,1.76
2017.12.20 05:01:31.147,1.31936,1.31966,3.26,1.29
2017.12.20 05:01:32.274,1.31936,1.31966,4.39,1.29
2017.12.20 05:01:36.260,1.31936,1.31966,4.01,1.29
2017.12.20 05:01:37.818,1.31936,1.31966,3.26,1.25
2017.12.20 05:01:38.354,1.31936,1.31966,2.51,1.25
2017.12.20 05:01:38.675,1.31938,1.31966,1.07,1.25
2017.12.20 05:01:39.333,1.31938,1.31966,1.26,1.00
2017.12.20 05:01:40.741,1.31936,1.31966,3.64,1.19
2017.12.20 05:01:41.253,1.31937,1.31966,1.26,1.19
2017.12.20 05:01:42.465,1.31937,1.31966,1.29,1.19
2017.12.20 05:01:42.976,1.31936,1.31965,1.25,2.89
2017.12.20 05:01:43.576,1.31936,1.31964,1.00,2.14
2017.12.20 05:01:43.730,1.31936,1.31965,1.12,1.39
2017.12.20 05:01:44.668,1.31936,1.31966,1.20,1.69
2017.12.20 05:01:45.225,1.31936,1.31966,2.70,1.29
2017.12.20 05:01:45.323,1.31936,1.31966,3.07,1.19
2017.12.20 05:01:46.166,1.31936,1.31966,2.32,1.56
2017.12.20 05:02:01.361,1.31937,1.31966,1.45,1.56
2017.12.20 05:02:01.869,1.31938,1.31966,1.07,1.56
2017.12.20 05:02:02.776,1.31938,1.31966,1.07,1.56
2017.12.20 05:02:04.850,1.31937,1.31966,2.14,1.25
2017.12.20 05:02:05.365,1.31938,1.31966,1.26,1.25
2017.12.20 05:02:06.026,1.31938,1.31966,1.26,1.25
2017.12.20 05:02:06.685,1.31938,1.31966,1.26,1.25
2017.12.20 05:02:07.200,1.31938,1.31966,1.01,1.25
2017.12.20 05:02:08.619,1.31938,1.31966,1.01,1.25
2017.12.20 05:02:08.773,1.31937,1.31965,1.95,1.56
2017.12.20 05:02:08.825,1.31937,1.31965,1.95,1.56
2017.12.20 05:02:12.996,1.31937,1.31966,1.95,2.06
2017.12.20 05:02:13.150,1.31938,1.31966,1.01,1.00
2017.12.20 05:02:13.819,1.31938,1.31966,1.76,1.00
2017.12.20 05:02:14.406,1.31938,1.31969,1.76,2.44
2017.12.20 05:02:18.888,1.31938,1.31969,1.76,2.44
2017.12.20 05:02:21.654,1.31938,1.31969,1.32,2.44
2017.12.20 05:02:21.927,1.31937,1.31967,1.64,1.25
2017.12.20 05:02:21.980,1.31936,1.31966,1.07,1.19
2017.12.20 05:02:22.290,1.31936,1.31962,1.20,1.00
2017.12.20 05:02:22.579,1.31938,1.31966,1.26,1.25
2017.12.20 05:02:33.633,1.3194,1.3197,3.26,1.07
2017.12.20 05:02:34.138,1.31941,1.3197,1.26,1.00
2017.12.20 05:02:36.741,1.31941,1.3197,1.39,1.00
2017.12.20 05:02:37.794,1.31941,1.3197,1.39,1.00
2017.12.20 05:02:40.112,1.3194,1.3197,1.57,2.06
2017.12.20 05:02:40.620,1.3194,1.31969,1.20,1.56
2017.12.20 05:02:41.999,1.3194,1.31969,1.20,1.56
2017.12.20 05:02:43.076,1.3194,1.31969,1.20,1.56
2017.12.20 05:02:47.470,1.3194,1.31969,1.20,1.56
2017.12.20 05:02:49.980,1.3194,1.31969,1.20,1.56
2017.12.20 05:02:51.375,1.3194,1.31969,1.10,1.56
2017.12.20 05:03:23.824,1.3194,1.31969,1.07,2.06
2017.12.20 05:03:33.690,1.31938,1.31969,1.76,2.06
2017.12.20 05:03:34.338,1.31938,1.31969,1.76,2.06
2017.12.20 05:03:37.648,1.31938,1.31969,2.51,2.06
2017.12.20 05:03:38.188,1.31938,1.31968,1.76,1.31
2017.12.20 05:03:40.241,1.31938,1.31968,1.57,1.00
2017.12.20 05:03:42.150,1.31938,1.31966,2.32,1.00
2017.12.20 05:03:52.324,1.31938,1.31966,1.20,1.00
2017.12.20 05:03:57.503,1.31938,1.31966,1.07,1.00
2017.12.20 05:03:58.910,1.31938,1.31966,1.07,1.00
2017.12.20 05:04:03.656,1.31938,1.31966,1.07,1.00
2017.12.20 05:04:04.134,1.31938,1.31966,1.20,1.00
2017.12.20 05:04:05.305,1.31938,1.31966,1.20,1.00
2017.12.20 05:04:05.979,1.31938,1.31966,1.57,1.00
2017.12.20 05:04:06.825,1.31938,1.31966,1.20,1.00
2017.12.20 05:04:08.539,1.31938,1.31966,1.57,1.50
2017.12.20 05:04:10.031,1.31938,1.31966,1.57,1.00
2017.12.20 05:04:10.935,1.31938,1.31966,1.20,1.00
2017.12.20 05:04:11.436,1.31938,1.31966,1.20,1.00
2017.12.20 05:04:30.174,1.31938,1.31966,1.00,1.57
2017.12.20 05:04:31.154,1.31938,1.31965,1.19,1.00
2017.12.20 05:04:37.198,1.31938,1.31966,1.19,1.01
2017.12.20 05:04:41.299,1.31938,1.31966,1.00,1.31
2017.12.20 05:04:42.158,1.31936,1.31965,1.01,1.19
2017.12.20 05:04:46.090,1.31937,1.31968,1.57,2.51
2017.12.20 05:04:46.141,1.31937,1.31968,1.76,1.76
2017.12.20 05:04:49.892,1.31936,1.31962,1.10,1.00
2017.12.20 05:04:54.313,1.31934,1.31962,1.01,1.00
2017.12.20 05:04:56.737,1.31936,1.31962,1.00,1.00
2017.12.20 05:05:03.142,1.31935,1.31962,1.10,1.00
2017.12.20 05:05:07.889,1.31935,1.31962,1.45,1.00
2017.12.20 05:05:07.995,1.31935,1.31962,1.20,1.00
2017.12.20 05:05:12.469,1.31936,1.31962,1.07,1.00
2017.12.20 05:05:13.184,1.31936,1.31962,1.20,1.00
2017.12.20 05:05:13.757,1.31936,1.31962,1.07,1.00
2017.12.20 05:05:17.784,1.31935,1.31962,1.45,1.00
2017.12.20 05:05:20.025,1.31935,1.31962,1.20,1.00
2017.12.20 05:05:33.685,1.31935,1.31962,1.45,1.00
2017.12.20 05:05:34.992,1.31936,1.31962,1.70,1.00
2017.12.20 05:05:35.517,1.31935,1.31962,2.14,1.00
2017.12.20 05:05:43.900,1.31935,1.31962,1.64,1.00
2017.12.20 05:05:48.305,1.31935,1.31962,2.51,1.00
2017.12.20 05:05:48.965,1.31935,1.31962,2.51,1.00
2017.12.20 05:05:49.023,1.31935,1.31962,2.51,1.00
2017.12.20 05:05:49.124,1.31935,1.31962,2.51,1.00
2017.12.20 05:05:49.844,1.31935,1.31962,1.57,1.00
2017.12.20 05:05:49.998,1.31933,1.31962,2.32,1.19
2017.12.20 05:05:50.050,1.31932,1.31962,1.70,1.69
2017.12.20 05:05:50.459,1.31932,1.31961,1.70,1.19
2017.12.20 05:05:51.043,1.31932,1.31962,1.95,1.19
2017.12.20 05:05:56.106,1.31932,1.31962,1.95,1.19
2017.12.20 05:05:59.277,1.31931,1.31962,1.76,1.19
2017.12.20 05:05:59.830,1.31932,1.31962,1.95,1.19
2017.12.20 05:06:02.459,1.31934,1.31962,1.20,1.19
2017.12.20 05:06:05.702,1.31932,1.31962,1.45,1.19
2017.12.20 05:06:08.316,1.31933,1.31964,1.57,1.56
2017.12.20 05:06:09.622,1.31933,1.31964,1.57,1.56
2017.12.20 05:06:10.554,1.31933,1.31964,1.57,1.56
2017.12.20 05:06:14.394,1.31933,1.31962,1.57,1.31
2017.12.20 05:06:14.948,1.31932,1.31962,1.95,1.31
2017.12.20 05:06:15.969,1.31932,1.31962,1.95,1.31
2017.12.20 05:06:25.508,1.31933,1.31963,1.57,1.56
2017.12.20 05:06:25.875,1.31931,1.3196,1.70,1.31
2017.12.20 05:06:26.403,1.31931,1.31961,1.70,1.56
2017.12.20 05:06:26.899,1.31931,1.31961,1.70,2.06
2017.12.20 05:06:27.202,1.31935,1.31961,1.70,1.00
2017.12.20 05:06:27.748,1.31935,1.31964,1.39,1.31
2017.12.20 05:06:28.359,1.31936,1.31963,1.01,1.25
2017.12.20 05:06:28.740,1.31936,1.31963,1.57,1.12
2017.12.20 05:06:29.048,1.31933,1.3196,1.45,1.19
2017.12.20 05:06:29.779,1.31933,1.3196,1.20,1.19
2017.12.20 05:06:34.835,1.31932,1.3196,2.51,1.00
2017.12.20 05:06:34.982,1.31932,1.3196,2.51,1.00
2017.12.20 05:06:35.516,1.31933,1.3196,1.64,1.00
2017.12.20 05:06:41.031,1.31933,1.3196,1.39,1.00
2017.12.20 05:06:43.276,1.31932,1.31959,1.76,1.00
2017.12.20 05:06:43.789,1.31932,1.3196,1.39,1.69
2017.12.20 05:06:46.104,1.31932,1.3196,1.70,2.06
2017.12.20 05:06:56.385,1.31932,1.3196,1.39,2.06
2017.12.20 05:06:56.691,1.31932,1.3196,1.07,3.19
2017.12.20 05:06:57.192,1.31932,1.31959,1.07,1.31
2017.12.20 05:06:57.547,1.31932,1.31959,1.07,1.31
2017.12.20 05:06:58.049,1.31932,1.31959,1.07,1.19
2017.12.20 05:06:58.567,1.31932,1.31954,1.07,1.00
2017.12.20 05:06:58.869,1.31932,1.31959,1.07,1.19
2017.12.20 05:07:07.042,1.31932,1.31954,1.07,1.00
2017.12.20 05:07:07.613,1.31932,1.31954,1.10,1.00
2017.12.20 05:07:07.851,1.31929,1.31957,1.76,1.00
2017.12.20 05:07:08.394,1.31929,1.31957,1.07,1.50
2017.12.20 05:07:14.221,1.31929,1.31957,1.20,1.50
2017.12.20 05:07:14.807,1.31929,1.31956,1.20,1.00
2017.12.20 05:07:15.343,1.31929,1.31957,1.20,1.50
2017.12.20 05:07:26.345,1.31929,1.31956,1.45,1.00
2017.12.20 05:07:28.665,1.31929,1.31956,1.07,1.00
2017.12.20 05:07:28.718,1.31929,1.31955,1.07,1.31
2017.12.20 05:07:28.770,1.31926,1.31954,1.07,2.06
2017.12.20 05:07:28.822,1.31926,1.31952,1.07,1.31
2017.12.20 05:07:28.874,1.31926,1.31953,1.07,1.19
2017.12.20 05:07:28.925,1.31926,1.31954,1.07,3.19
2017.12.20 05:07:29.453,1.31926,1.31953,1.00,1.56
2017.12.20 05:07:31.026,1.31921,1.31949,3.45,1.25
2017.12.20 05:07:32.824,1.31921,1.31949,3.07,1.25
2017.12.20 05:07:35.046,1.31921,1.31949,3.82,1.25
2017.12.20 05:07:35.207,1.31921,1.3195,3.07,1.19
2017.12.20 05:07:36.614,1.31921,1.3195,3.07,1.19
2017.12.20 05:07:38.572,1.31921,1.3195,3.82,1.19
2017.12.20 05:07:39.159,1.31921,1.3195,3.82,1.19
2017.12.20 05:07:39.508,1.31921,1.3195,3.82,1.19
2017.12.20 05:07:41.309,1.31923,1.3195,1.45,1.19
2017.12.20 05:07:44.640,1.31924,1.31951,2.51,1.25
2017.12.20 05:07:44.743,1.31926,1.31954,1.45,1.87
2017.12.20 05:07:44.795,1.31926,1.31954,1.45,2.06
2017.12.20 05:07:45.102,1.31926,1.31954,1.45,2.62
2017.12.20 05:07:45.210,1.31926,1.31954,1.20,2.62
2017.12.20 05:08:00.144,1.31926,1.31954,1.20,2.44
2017.12.20 05:08:00.196,1.31926,1.31954,1.20,1.69
2017.12.20 05:08:00.300,1.31927,1.31954,1.07,2.44
2017.12.20 05:08:00.608,1.31926,1.31954,1.57,2.44
2017.12.20 05:08:00.660,1.31926,1.31954,1.57,3.56
2017.12.20 05:08:01.193,1.31923,1.31951,1.95,1.19
2017.12.20 05:08:01.885,1.31923,1.31951,1.95,1.19
2017.12.20 05:08:02.747,1.31923,1.31951,1.45,1.19
2017.12.20 05:08:04.995,1.31923,1.31949,1.07,1.25
2017.12.20 05:08:05.486,1.31923,1.31949,1.20,1.25
2017.12.20 05:08:05.639,1.31923,1.31949,1.07,1.25
2017.12.20 05:08:06.166,1.31923,1.31951,1.95,1.19
2017.12.20 05:08:06.217,1.31923,1.31951,3.26,1.00
2017.12.20 05:08:06.342,1.31925,1.31951,1.39,1.00
2017.12.20 05:08:06.979,1.31925,1.31951,1.39,1.00
2017.12.20 05:08:07.684,1.31925,1.31951,1.39,1.00
2017.12.20 05:08:13.680,1.31925,1.31951,1.70,1.00
2017.12.20 05:08:14.918,1.31925,1.31951,1.70,1.00
2017.12.20 05:08:15.545,1.31926,1.31954,1.57,1.69
2017.12.20 05:08:20.948,1.31926,1.31954,2.32,1.69
2017.12.20 05:08:28.434,1.31926,1.31954,2.32,1.69
2017.12.20 05:08:30.184,1.31926,1.31954,1.57,1.69
2017.12.20 05:08:41.843,1.31927,1.31954,1.45,1.69
2017.12.20 05:08:45.923,1.31927,1.31954,1.45,1.69
2017.12.20 05:08:46.129,1.31926,1.31953,1.76,1.50
2017.12.20 05:08:46.805,1.31926,1.31953,2.14,1.50
2017.12.20 05:08:49.803,1.31926,1.31952,1.64,1.00
2017.12.20 05:08:50.649,1.31926,1.31952,1.26,1.00
2017.12.20 05:08:52.016,1.31926,1.31952,1.64,1.00
2017.12.20 05:08:52.220,1.31926,1.31952,1.26,1.00
2017.12.20 05:08:52.487,1.31926,1.31952,1.39,1.00
2017.12.20 05:08:56.017,1.31926,1.31952,1.39,1.00
2017.12.20 05:08:59.989,1.31923,1.31951,1.26,1.00
2017.12.20 05:09:00.043,1.31923,1.31948,1.07,1.19
2017.12.20 05:09:00.094,1.31919,1.31946,1.39,1.00
2017.12.20 05:09:00.197,1.31919,1.31946,1.26,1.00
2017.12.20 05:09:00.453,1.31919,1.31946,1.76,1.00
2017.12.20 05:09:01.679,1.3192,1.31947,1.01,1.00
2017.12.20 05:09:02.232,1.31919,1.31947,2.14,1.00
2017.12.20 05:09:06.870,1.31919,1.31947,2.14,1.00
2017.12.20 05:09:10.020,1.31919,1.31947,1.66,1.00
2017.12.20 05:09:16.423,1.31919,1.31947,1.56,1.85
2017.12.20 05:09:16.577,1.3192,1.31947,1.39,1.00
2017.12.20 05:09:19.569,1.31924,1.31951,1.29,1.00
2017.12.20 05:09:21.756,1.31926,1.31951,1.00,1.00
2017.12.20 05:09:22.043,1.31924,1.31951,1.00,1.00
2017.12.20 05:09:22.673,1.31924,1.31951,1.19,1.00
2017.12.20 05:09:28.934,1.31926,1.31951,1.00,1.00
2017.12.20 05:09:39.804,1.31925,1.31951,1.07,1.31
2017.12.20 05:09:39.908,1.31924,1.31951,1.10,1.31
2017.12.20 05:09:39.959,1.31925,1.31951,1.25,1.00
2017.12.20 05:09:40.012,1.31925,1.31951,1.00,1.31
2017.12.20 05:09:40.167,1.31925,1.31951,1.25,1.00
2017.12.20 05:09:40.219,1.31923,1.31951,1.10,1.31
2017.12.20 05:09:47.676,1.31926,1.31954,1.50,1.95
2017.12.20 05:09:56.170,1.31926,1.31954,1.57,2.62
2017.12.20 05:09:56.476,1.31926,1.31954,1.07,1.25
2017.12.20 05:09:56.734,1.31926,1.31954,1.45,1.25
2017.12.20 05:10:06.486,1.31926,1.31956,1.45,2.44
2017.12.20 05:10:08.639,1.31926,1.31956,1.10,2.51
2017.12.20 05:10:09.764,1.31926,1.31956,1.10,3.82
2017.12.20 05:10:10.885,1.31926,1.31955,1.57,1.31
2017.12.20 05:10:11.159,1.31931,1.31955,1.00,1.31
2017.12.20 05:10:14.040,1.31926,1.31955,1.50,2.14
2017.12.20 05:10:30.306,1.31926,1.31956,2.06,2.89
2017.12.20 05:10:30.358,1.31926,1.31956,2.25,2.51
2017.12.20 05:10:30.461,1.31926,1.31955,1.00,2.51
2017.12.20 05:10:30.795,1.31926,1.31954,1.00,1.95
2017.12.20 05:10:39.471,1.31926,1.31954,1.50,1.76
2017.12.20 05:10:39.523,1.31926,1.31954,1.00,1.64
2017.12.20 05:10:39.625,1.31926,1.31954,2.25,1.76
2017.12.20 05:10:39.928,1.31926,1.31954,2.25,1.20
2017.12.20 05:10:40.712,1.31926,1.31954,1.07,1.87
2017.12.20 05:10:49.476,1.31924,1.31954,2.32,2.62
2017.12.20 05:10:53.171,1.31926,1.31954,1.07,1.19
2017.12.20 05:10:53.274,1.31926,1.31955,1.07,1.12
2017.12.20 05:10:55.948,1.31926,1.31955,1.07,1.31
2017.12.20 05:10:56.051,1.31926,1.31954,1.07,1.12
2017.12.20 05:10:56.154,1.31925,1.31955,2.14,1.19
2017.12.20 05:10:56.256,1.31925,1.31954,1.20,1.12
2017.12.20 05:10:56.888,1.31924,1.31954,2.32,1.87
2017.12.20 05:11:03.032,1.31925,1.31955,1.95,1.19
2017.12.20 05:11:03.299,1.31925,1.31956,1.95,1.19
2017.12.20 05:11:03.643,1.31924,1.31952,1.10,1.31
2017.12.20 05:11:04.190,1.31924,1.31952,1.07,1.31
2017.12.20 05:11:09.733,1.31924,1.31952,1.10,1.31
2017.12.20 05:11:12.332,1.31924,1.31952,1.07,1.31
2017.12.20 05:11:16.077,1.31924,1.31952,1.76,1.25
2017.12.20 05:11:16.179,1.31924,1.31952,1.57,1.56
2017.12.20 05:11:16.282,1.31924,1.31952,1.57,1.56
2017.12.20 05:11:16.385,1.31924,1.31952,1.26,1.25
2017.12.20 05:11:16.437,1.31924,1.31952,1.07,1.56
2017.12.20 05:11:16.489,1.31924,1.31952,1.76,1.00
2017.12.20 05:11:17.050,1.31925,1.31952,1.07,1.00
2017.12.20 05:11:21.773,1.31927,1.31955,1.10,1.69
2017.12.20 05:11:36.994,1.31927,1.31954,1.10,1.19
2017.12.20 05:11:37.880,1.31926,1.31952,1.07,1.25
2017.12.20 05:11:38.830,1.31924,1.31952,1.26,1.25
2017.12.20 05:11:40.406,1.31924,1.31952,1.64,1.25
2017.12.20 05:11:40.457,1.31924,1.31952,1.29,1.25
2017.12.20 05:11:49.067,1.31924,1.31952,1.26,1.25
2017.12.20 05:11:52.053,1.31926,1.31952,1.07,1.25
2017.12.20 05:11:52.595,1.31926,1.31952,1.10,1.25
2017.12.20 05:11:54.779,1.31926,1.31952,1.07,1.25
2017.12.20 05:11:55.312,1.31926,1.31952,1.10,1.25
2017.12.20 05:11:56.158,1.31926,1.31952,1.07,1.25
2017.12.20 05:11:58.832,1.31926,1.31952,1.00,1.25
2017.12.20 05:12:08.519,1.31928,1.31955,1.00,1.26
2017.12.20 05:12:13.412,1.31928,1.31956,1.07,1.56
2017.12.20 05:12:31.099,1.31928,1.31955,1.10,1.31
2017.12.20 05:12:31.962,1.31928,1.31952,1.07,1.12
2017.12.20 05:12:32.064,1.31923,1.31952,2.32,1.12
2017.12.20 05:12:32.779,1.31923,1.31952,1.57,1.12
2017.12.20 05:12:35.673,1.31923,1.31952,1.57,1.12
2017.12.20 05:12:35.725,1.31923,1.31953,1.95,1.19
2017.12.20 05:12:36.344,1.31925,1.31953,1.07,1.19
2017.12.20 05:12:37.206,1.31925,1.31953,1.07,1.19
2017.12.20 05:12:40.983,1.31925,1.31953,1.07,1.19
2017.12.20 05:12:42.402,1.31925,1.31953,1.57,1.19
2017.12.20 05:12:43.725,1.31925,1.31953,1.57,1.19
2017.12.20 05:12:45.258,1.31926,1.31953,1.07,1.25
2017.12.20 05:12:45.760,1.31926,1.31953,1.07,1.25
2017.12.20 05:12:58.576,1.31926,1.31953,1.07,1.31
2017.12.20 05:12:59.189,1.31926,1.31953,1.07,1.31
2017.12.20 05:13:00.120,1.31926,1.31953,1.07,1.19
2017.12.20 05:13:01.157,1.31926,1.31953,1.07,1.19
2017.12.20 05:13:01.325,1.31926,1.31953,1.07,1.19
2017.12.20 05:13:05.540,1.31926,1.31953,1.07,1.19
2017.12.20 05:13:06.122,1.31926,1.31953,1.07,1.19
2017.12.20 05:13:10.195,1.31926,1.31953,1.07,1.19
2017.12.20 05:13:10.815,1.31926,1.31953,1.07,1.19
2017.12.20 05:13:11.341,1.31926,1.31953,1.07,1.19
2017.12.20 05:13:14.234,1.31926,1.31953,1.07,1.31
2017.12.20 05:13:14.629,1.31923,1.31953,2.14,2.81
2017.12.20 05:13:14.681,1.31923,1.31952,1.95,1.12
2017.12.20 05:13:14.979,1.31924,1.31953,1.39,1.69
2017.12.20 05:13:15.510,1.31924,1.31953,1.39,1.69
2017.12.20 05:13:15.685,1.31924,1.31953,1.39,1.69
2017.12.20 05:13:17.274,1.31924,1.31953,1.20,2.06
2017.12.20 05:13:17.672,1.31923,1.31952,1.95,1.12
2017.12.20 05:13:17.992,1.31924,1.31953,1.20,2.44
2017.12.20 05:13:18.873,1.31924,1.31953,1.20,1.69
2017.12.20 05:13:19.026,1.31924,1.31952,1.20,1.12
2017.12.20 05:13:19.710,1.31923,1.31952,1.95,1.12
2017.12.20 05:13:24.512,1.31924,1.31952,1.20,1.12
2017.12.20 05:13:28.032,1.31924,1.31952,1.12,1.12
2017.12.20 05:13:33.228,1.31922,1.31952,2.32,1.12
2017.12.20 05:13:42.368,1.31922,1.31952,2.32,1.12
2017.12.20 05:13:42.970,1.31922,1.31949,1.57,1.19
2017.12.20 05:13:48.625,1.31922,1.31949,1.57,1.19
2017.12.20 05:13:49.865,1.31922,1.31949,2.32,1.19
2017.12.20 05:14:12.765,1.31921,1.31949,3.82,1.19
2017.12.20 05:14:13.374,1.31921,1.31949,3.07,1.19
2017.12.20 05:14:13.925,1.31924,1.31951,1.10,1.56
2017.12.20 05:14:19.003,1.31924,1.3195,1.10,1.00
2017.12.20 05:14:30.988,1.31924,1.31952,1.10,1.12
2017.12.20 05:14:31.514,1.31924,1.31952,1.07,1.12
2017.12.20 05:14:33.077,1.31925,1.31952,1.10,1.31
2017.12.20 05:14:33.587,1.31924,1.31952,1.10,2.06
2017.12.20 05:14:33.898,1.31924,1.31952,1.10,3.00
2017.12.20 05:14:43.472,1.31924,1.31952,1.07,1.87
2017.12.20 05:14:43.575,1.31924,1.31952,1.07,1.19
2017.12.20 05:14:44.164,1.31924,1.31952,1.07,1.19
2017.12.20 05:14:45.760,1.31924,1.31952,1.07,1.19
2017.12.20 05:14:46.770,1.31924,1.31952,1.07,1.19
2017.12.20 05:14:47.479,1.31925,1.31952,1.07,1.25
2017.12.20 05:14:49.183,1.31925,1.31952,1.07,1.25
2017.12.20 05:14:49.511,1.31924,1.31952,1.32,1.25
2017.12.20 05:14:57.591,1.31926,1.31952,1.95,1.25
2017.12.20 05:15:02.057,1.31931,1.31952,1.00,1.00
2017.12.20 05:15:02.109,1.31929,1.31955,1.10,1.19
2017.12.20 05:15:02.335,1.31931,1.31959,1.57,1.56
2017.12.20 05:15:02.387,1.31931,1.31959,2.14,1.00
2017.12.20 05:15:02.542,1.31931,1.31959,2.06,1.57
2017.12.20 05:15:02.594,1.31932,1.31959,1.00,1.26
2017.12.20 05:15:03.320,1.31931,1.31959,1.25,1.39
2017.12.20 05:15:03.870,1.31931,1.31959,1.25,1.76
2017.12.20 05:15:04.373,1.3193,1.31959,1.19,1.76
2017.12.20 05:15:04.476,1.31931,1.31959,1.31,1.20
2017.12.20 05:15:04.802,1.31936,1.31964,1.19,1.57
2017.12.20 05:15:05.110,1.31936,1.31963,1.00,2.14
2017.12.20 05:15:05.266,1.31932,1.31959,1.50,1.07
2017.12.20 05:15:05.318,1.31929,1.31957,2.06,1.95
2017.12.20 05:15:05.472,1.31926,1.31954,1.31,1.26
2017.12.20 05:15:05.524,1.31926,1.31954,1.31,1.39
2017.12.20 05:15:05.854,1.31926,1.31954,1.69,1.07
2017.12.20 05:15:06.655,1.31926,1.31954,1.69,1.07
2017.12.20 05:15:07.162,1.31926,1.31954,2.44,1.10
2017.12.20 05:15:07.678,1.31926,1.31954,2.44,1.07
2017.12.20 05:15:08.313,1.31926,1.31954,3.19,1.00
2017.12.20 05:15:10.858,1.31929,1.31958,1.00,1.39
2017.12.20 05:15:10.961,1.3193,1.31958,1.00,1.01
2017.12.20 05:15:11.096,1.3193,1.31958,1.00,1.32
2017.12.20 05:15:14.188,1.3193,1.31958,1.00,1.64
2017.12.20 05:15:14.909,1.31929,1.31958,1.00,2.51
2017.12.20 05:15:17.272,1.3193,1.31958,1.00,1.76
2017.12.20 05:15:17.833,1.31929,1.31958,1.00,2.51
2017.12.20 05:15:18.360,1.31928,1.31958,1.00,3.26
2017.12.20 05:15:20.020,1.31928,1.31958,1.07,2.06
2017.12.20 05:15:23.483,1.31928,1.31958,1.07,2.06
2017.12.20 05:15:27.836,1.31928,1.31956,1.07,1.31
2017.12.20 05:15:28.041,1.31923,1.31951,1.07,1.25
2017.12.20 05:15:30.689,1.31923,1.31951,1.07,1.25
2017.12.20 05:15:31.207,1.31923,1.31951,1.07,1.25
2017.12.20 05:15:34.042,1.31923,1.31951,1.10,1.25
2017.12.20 05:15:42.024,1.31923,1.31951,1.07,1.25
2017.12.20 05:15:50.920,1.31923,1.31951,1.10,1.69
2017.12.20 05:15:51.580,1.31923,1.31951,1.07,1.69
2017.12.20 05:15:55.270,1.31923,1.31951,1.07,1.25
2017.12.20 05:15:56.620,1.31923,1.31951,1.07,1.25
2017.12.20 05:15:57.191,1.31923,1.31951,1.10,1.25
2017.12.20 05:15:59.943,1.31923,1.31951,1.07,1.25
2017.12.20 05:16:02.001,1.31923,1.31951,1.10,1.25
2017.12.20 05:16:05.488,1.31923,1.31951,1.07,1.25
2017.12.20 05:16:06.023,1.31923,1.31951,1.07,1.25
2017.12.20 05:16:08.881,1.31923,1.31951,1.07,1.25
2017.12.20 05:16:09.696,1.31923,1.31951,1.07,1.25
2017.12.20 05:16:20.953,1.31923,1.31951,1.07,1.25
2017.12.20 05:16:21.261,1.31923,1.31951,1.00,1.66
2017.12.20 05:16:21.364,1.3192,1.31948,1.20,2.06
2017.12.20 05:16:21.959,1.3192,1.31948,1.00,1.39
2017.12.20 05:16:22.061,1.3192,1.31948,1.00,1.66
2017.12.20 05:16:22.601,1.31917,1.31946,1.20,1.19
2017.12.20 05:16:22.653,1.31916,1.31946,1.57,1.31
2017.12.20 05:16:22.705,1.31915,1.31942,1.32,1.00
2017.12.20 05:16:23.301,1.31915,1.31942,1.32,1.00
2017.12.20 05:16:23.711,1.31917,1.31942,1.07,1.00
2017.12.20 05:16:27.145,1.31917,1.31942,1.10,1.00
2017.12.20 05:16:28.609,1.31916,1.31942,1.57,1.00
2017.12.20 05:16:30.022,1.31916,1.31942,1.57,1.00
2017.12.20 05:16:30.646,1.31916,1.31942,1.95,1.00
2017.12.20 05:16:31.192,1.31916,1.31942,2.70,1.00
2017.12.20 05:16:38.084,1.31916,1.31946,3.45,1.19
2017.12.20 05:16:38.590,1.31916,1.31946,3.45,1.19
2017.12.20 05:16:39.745,1.31921,1.31946,1.07,1.25
2017.12.20 05:16:42.142,1.31921,1.31946,1.07,1.19
2017.12.20 05:16:42.968,1.31921,1.31946,1.10,1.19
2017.12.20 05:16:43.678,1.31921,1.31946,1.07,1.19
2017.12.20 05:16:44.203,1.31921,1.31946,1.00,1.19
2017.12.20 05:16:47.786,1.31921,1.31946,1.07,1.19
2017.12.20 05:16:48.471,1.31921,1.31946,1.00,1.19
2017.12.20 05:16:49.159,1.31921,1.31946,1.07,1.19
2017.12.20 05:16:50.637,1.31921,1.31949,1.95,1.19
2017.12.20 05:16:50.689,1.31921,1.31949,1.57,1.19
2017.12.20 05:16:50.793,1.31921,1.31949,1.20,1.31
2017.12.20 05:16:51.985,1.31921,1.31949,1.20,1.56
2017.12.20 05:17:03.383,1.31921,1.31949,1.20,1.56
2017.12.20 05:17:03.910,1.31921,1.31949,1.20,1.56
2017.12.20 05:17:10.119,1.31921,1.31949,1.07,1.56
2017.12.20 05:17:13.471,1.31921,1.31949,1.07,2.06
2017.12.20 05:17:15.049,1.31921,1.31949,1.07,2.06
2017.12.20 05:17:16.107,1.31921,1.31949,1.10,2.81
2017.12.20 05:17:23.448,1.31921,1.31948,1.07,1.31
2017.12.20 05:17:23.906,1.31926,1.31949,1.00,1.87
2017.12.20 05:17:24.420,1.31926,1.31949,1.07,1.00
2017.12.20 05:17:24.983,1.31926,1.31949,1.10,1.00
2017.12.20 05:17:30.195,1.31926,1.31949,1.07,1.00
2017.12.20 05:17:31.628,1.31926,1.31949,1.10,1.00
2017.12.20 05:17:32.159,1.31926,1.31949,1.07,1.00
2017.12.20 05:17:33.504,1.31926,1.31949,1.10,1.00
2017.12.20 05:17:35.050,1.31926,1.31949,1.07,1.00
2017.12.20 05:17:35.659,1.31926,1.31949,1.10,1.00
2017.12.20 05:17:36.702,1.31926,1.31949,1.07,1.00
2017.12.20 05:17:38.089,1.31926,1.31949,1.10,1.00
2017.12.20 05:17:38.628,1.31926,1.31949,1.07,1.00
2017.12.20 05:17:41.094,1.31926,1.31949,1.10,1.00
2017.12.20 05:17:41.598,1.31926,1.31949,1.07,1.00
2017.12.20 05:17:42.640,1.31926,1.31949,1.10,1.00
2017.12.20 05:17:47.519,1.31923,1.31949,1.76,1.00
2017.12.20 05:17:50.359,1.31923,1.31949,1.39,1.00
2017.12.20 05:17:52.045,1.31922,1.31949,1.76,1.00
2017.12.20 05:17:52.822,1.31926,1.31949,1.10,1.00
2017.12.20 05:17:59.202,1.31922,1.31949,2.51,1.00
2017.12.20 05:17:59.718,1.31926,1.31949,1.00,1.00
2017.12.20 05:18:12.793,1.31926,1.31949,1.07,1.00
2017.12.20 05:18:14.336,1.31926,1.31949,1.10,1.00
2017.12.20 05:18:16.660,1.31926,1.31949,1.07,1.00
2017.12.20 05:18:21.471,1.31926,1.31949,1.20,1.00
2017.12.20 05:18:24.272,1.31926,1.31953,1.20,1.50
2017.12.20 05:18:27.736,1.31926,1.31953,1.07,1.00
2017.12.20 05:18:28.947,1.31926,1.31953,1.10,1.00
2017.12.20 05:18:41.267,1.31926,1.31953,1.10,1.37
2017.12.20 05:18:42.094,1.31925,1.31953,1.07,1.37
2017.12.20 05:18:43.487,1.31925,1.31954,1.07,1.50
2017.12.20 05:18:56.895,1.31926,1.31953,1.07,1.37
2017.12.20 05:19:00.490,1.31926,1.31953,1.07,1.37
2017.12.20 05:19:00.688,1.31926,1.31953,1.10,1.37
2017.12.20 05:19:02.213,1.31926,1.31953,1.07,1.37
2017.12.20 05:19:03.331,1.31926,1.31953,1.20,1.37
2017.12.20 05:19:06.050,1.31926,1.31954,1.20,1.87
2017.12.20 05:19:09.347,1.31926,1.31953,1.64,1.00
2017.12.20 05:19:09.450,1.31927,1.31953,1.01,1.00
2017.12.20 05:19:10.046,1.31928,1.31953,1.07,1.00
2017.12.20 05:19:10.719,1.31927,1.31953,1.01,1.00
2017.12.20 05:19:35.742,1.31931,1.31955,1.07,1.19
2017.12.20 05:19:36.010,1.31931,1.31955,1.07,1.19
2017.12.20 05:19:36.061,1.31931,1.31955,1.07,1.31
2017.12.20 05:19:43.158,1.31927,1.31955,1.95,1.19
2017.12.20 05:20:05.881,1.31927,1.31955,1.57,1.19
2017.12.20 05:20:12.037,1.31927,1.31955,2.70,1.19
2017.12.20 05:20:14.067,1.31929,1.31955,1.07,1.19
2017.12.20 05:20:15.430,1.31929,1.31955,1.07,1.56
2017.12.20 05:20:15.788,1.31927,1.31955,3.07,1.56
2017.12.20 05:20:18.533,1.31929,1.31955,1.07,1.56
2017.12.20 05:20:25.135,1.31927,1.31955,1.20,1.56
2017.12.20 05:20:29.095,1.31926,1.31953,1.00,1.19
2017.12.20 05:20:30.798,1.31924,1.31953,1.32,1.19
2017.12.20 05:20:30.849,1.31924,1.31953,1.10,1.66
2017.12.20 05:20:31.370,1.31923,1.31952,1.00,1.39
2017.12.20 05:20:32.490,1.31922,1.31949,1.50,1.25
2017.12.20 05:20:32.825,1.31918,1.31946,1.00,1.95
2017.12.20 05:20:32.927,1.31918,1.31946,1.00,1.39
2017.12.20 05:20:34.305,1.31918,1.31946,1.00,1.19
2017.12.20 05:20:35.485,1.31918,1.31946,1.00,1.66
2017.12.20 05:20:36.580,1.31918,1.31946,1.10,1.87
2017.12.20 05:20:37.300,1.31918,1.31946,1.10,1.56
2017.12.20 05:20:40.133,1.31918,1.31946,1.45,1.56
2017.12.20 05:20:42.576,1.31918,1.31946,1.07,1.87
2017.12.20 05:20:43.304,1.31918,1.31946,1.20,1.87
2017.12.20 05:20:43.916,1.31918,1.31946,1.20,1.87
2017.12.20 05:20:46.433,1.31918,1.31946,1.45,1.87
2017.12.20 05:20:46.940,1.31918,1.31946,1.45,1.56
2017.12.20 05:20:47.218,1.31918,1.31946,1.20,1.56
2017.12.20 05:20:47.320,1.31918,1.31946,1.45,1.56
2017.12.20 05:20:47.899,1.31918,1.31946,1.45,1.56
2017.12.20 05:20:54.093,1.31918,1.31946,1.20,1.56
2017.12.20 05:20:56.140,1.31918,1.31946,1.20,1.87
2017.12.20 05:20:59.530,1.31918,1.31946,1.20,1.56
2017.12.20 05:21:01.073,1.31918,1.31946,1.07,1.56
2017.12.20 05:21:01.179,1.31918,1.31946,1.20,1.56
2017.12.20 05:21:02.647,1.31918,1.31946,1.20,1.56
2017.12.20 05:21:06.025,1.31918,1.31946,1.20,1.56
2017.12.20 05:21:07.448,1.31918,1.31946,1.20,1.56
2017.12.20 05:21:07.500,1.31921,1.31946,1.10,1.25
2017.12.20 05:21:07.551,1.31918,1.31946,1.45,1.25
2017.12.20 05:21:09.082,1.31918,1.31946,1.45,1.31
2017.12.20 05:21:11.223,1.31918,1.31946,1.45,1.31
2017.12.20 05:21:11.428,1.3192,1.31946,1.45,1.31
2017.12.20 05:21:11.640,1.31918,1.31946,1.45,1.31
2017.12.20 05:21:12.307,1.31918,1.31946,1.45,1.56
2017.12.20 05:21:12.819,1.31918,1.31946,1.20,1.56
2017.12.20 05:21:12.923,1.31918,1.31946,1.45,1.56
2017.12.20 05:21:14.370,1.3192,1.31946,1.07,1.56
2017.12.20 05:21:14.999,1.3192,1.31946,1.07,1.56
2017.12.20 05:21:15.893,1.3192,1.31946,1.07,1.56
2017.12.20 05:21:16.650,1.3192,1.31946,1.07,1.56
2017.12.20 05:21:17.396,1.3192,1.31946,1.07,1.56
2017.12.20 05:21:17.975,1.3192,1.31946,1.07,1.56
2017.12.20 05:21:18.078,1.31916,1.31943,1.45,1.87
2017.12.20 05:21:18.130,1.31916,1.31943,1.20,1.87
2017.12.20 05:21:18.233,1.31916,1.31939,1.07,1.19
2017.12.20 05:21:18.973,1.31916,1.31939,1.10,1.19
2017.12.20 05:21:19.586,1.31916,1.31939,1.07,1.19
2017.12.20 05:21:20.437,1.31916,1.31939,1.10,1.19
2017.12.20 05:21:21.100,1.31916,1.31939,1.07,1.19
2017.12.20 05:21:21.692,1.31916,1.31939,1.10,1.19
2017.12.20 05:21:22.273,1.31916,1.31939,1.07,1.19
2017.12.20 05:21:22.883,1.31916,1.31939,1.07,1.00
2017.12.20 05:21:23.649,1.31916,1.31939,1.07,1.00
2017.12.20 05:21:25.099,1.31916,1.31939,1.07,1.00
2017.12.20 05:21:27.996,1.31916,1.31939,1.07,1.00
2017.12.20 05:21:28.797,1.31916,1.31939,1.00,1.00
2017.12.20 05:21:29.656,1.31916,1.31939,1.07,1.00
2017.12.20 05:21:42.641,1.31915,1.31939,1.20,1.00
2017.12.20 05:21:44.094,1.31915,1.31939,1.07,1.00
2017.12.20 05:21:47.266,1.31915,1.31939,1.07,1.00
2017.12.20 05:21:48.730,1.31915,1.31939,1.07,1.00
2017.12.20 05:21:48.850,1.31915,1.31939,1.07,1.00
2017.12.20 05:21:50.337,1.31915,1.31939,1.07,1.00
2017.12.20 05:21:51.416,1.31915,1.31939,1.07,1.19
2017.12.20 05:21:51.620,1.31912,1.31939,1.07,1.19
2017.12.20 05:21:52.150,1.31911,1.31939,2.89,1.25
2017.12.20 05:21:52.674,1.31911,1.31939,2.89,1.19
2017.12.20 05:21:53.388,1.31911,1.31939,2.51,1.19
2017.12.20 05:21:54.078,1.31911,1.31939,2.51,1.19
2017.12.20 05:21:55.035,1.31911,1.31939,2.89,1.19
2017.12.20 05:21:56.441,1.31911,1.31939,2.51,1.19
2017.12.20 05:21:57.048,1.31911,1.31939,3.26,1.19
2017.12.20 05:21:59.504,1.31911,1.31939,3.26,1.19
2017.12.20 05:21:59.607,1.31911,1.31939,3.64,1.19
2017.12.20 05:22:02.623,1.31911,1.31939,2.89,1.19
2017.12.20 05:22:06.889,1.31911,1.31939,1.20,1.31
2017.12.20 05:22:50.686,1.31911,1.3194,1.07,1.31
2017.12.20 05:22:52.387,1.31911,1.31936,1.07,1.00
2017.12.20 05:22:52.439,1.31911,1.31936,1.07,1.00
2017.12.20 05:22:52.490,1.31911,1.31936,1.07,1.00
2017.12.20 05:22:53.985,1.31911,1.31933,1.07,1.00
2017.12.20 05:22:54.037,1.31911,1.31936,1.07,1.50
2017.12.20 05:22:54.089,1.31906,1.31933,1.01,1.25
2017.12.20 05:22:54.192,1.31911,1.31936,1.10,1.75
2017.12.20 05:22:54.397,1.31911,1.31934,1.95,1.00
2017.12.20 05:22:55.521,1.31915,1.31934,1.00,1.00
2017.12.20 05:22:56.066,1.31916,1.31934,1.00,1.00
2017.12.20 05:22:56.750,1.31916,1.31938,1.00,1.69
2017.12.20 05:22:57.262,1.31916,1.31938,1.10,1.25
2017.12.20 05:23:07.373,1.31916,1.31937,1.00,1.00
2017.12.20 05:23:09.715,1.31913,1.31937,1.10,1.00
2017.12.20 05:23:36.518,1.3191,1.31937,1.07,1.31
2017.12.20 05:23:36.622,1.31908,1.31936,1.07,1.19
2017.12.20 05:23:37.243,1.31908,1.31936,1.07,1.19
2017.12.20 05:23:39.585,1.31906,1.31933,2.14,1.00
2017.12.20 05:23:47.838,1.31906,1.31933,2.14,1.00
2017.12.20 05:23:48.920,1.31906,1.31933,2.14,1.00
2017.12.20 05:24:07.244,1.3191,1.31933,1.20,1.00
2017.12.20 05:24:07.297,1.3191,1.31938,1.20,2.00
2017.12.20 05:24:07.349,1.31915,1.31938,1.20,2.00
2017.12.20 05:24:07.405,1.31915,1.3194,1.20,1.25
2017.12.20 05:24:07.927,1.31915,1.3194,1.32,1.00
2017.12.20 05:24:11.338,1.31912,1.31939,1.32,1.00
2017.12.20 05:24:12.081,1.31912,1.31939,1.07,1.19
2017.12.20 05:24:12.678,1.31912,1.31939,1.07,1.19
2017.12.20 05:24:18.903,1.31912,1.31939,1.07,1.19
2017.12.20 05:24:40.496,1.31912,1.31939,1.07,1.19
2017.12.20 05:24:45.179,1.31912,1.3194,1.07,2.06
2017.12.20 05:24:46.707,1.31912,1.3194,1.07,3.56
2017.12.20 05:24:48.376,1.31912,1.3194,1.07,3.56
2017.12.20 05:24:48.579,1.31912,1.3194,1.07,3.56
2017.12.20 05:24:50.142,1.31912,1.3194,1.07,2.81
2017.12.20 05:24:50.193,1.31912,1.3194,1.07,2.81
2017.12.20 05:24:52.142,1.31912,1.3194,1.07,2.81
2017.12.20 05:24:52.264,1.31912,1.3194,1.07,2.81
2017.12.20 05:24:53.061,1.31912,1.3194,1.07,2.81
2017.12.20 05:24:56.674,1.31912,1.3194,1.07,2.81
2017.12.20 05:24:57.788,1.31912,1.3194,1.07,2.81
2017.12.20 05:24:58.136,1.31912,1.3194,1.45,2.06
2017.12.20 05:24:58.497,1.31916,1.3194,1.07,1.00
2017.12.20 05:24:58.549,1.31914,1.3194,1.70,1.00
2017.12.20 05:25:07.604,1.31913,1.31944,1.64,1.19
2017.12.20 05:25:10.627,1.31913,1.31944,1.64,1.19
2017.12.20 05:25:11.237,1.31913,1.31944,1.64,1.19
2017.12.20 05:25:15.019,1.31913,1.31945,1.64,3.19
2017.12.20 05:25:15.527,1.31913,1.31945,1.64,3.19
2017.12.20 05:25:16.624,1.31913,1.31945,1.64,3.19
2017.12.20 05:25:23.870,1.31912,1.31945,4.01,2.44
2017.12.20 05:25:33.336,1.31914,1.31945,1.01,2.44
2017.12.20 05:25:34.067,1.31914,1.31945,1.01,2.44
2017.12.20 05:25:41.005,1.31914,1.31945,1.01,1.69
2017.12.20 05:25:54.832,1.31914,1.31945,1.64,1.31
2017.12.20 05:26:06.067,1.31914,1.31945,1.39,1.31
2017.12.20 05:26:07.594,1.31914,1.31945,1.07,2.25
2017.12.20 05:26:09.038,1.31914,1.31945,1.07,2.25
2017.12.20 05:26:10.178,1.31914,1.31944,1.07,1.87
2017.12.20 05:26:15.071,1.31912,1.31944,2.70,1.81
2017.12.20 05:26:15.735,1.31913,1.31944,1.07,1.81
2017.12.20 05:26:17.593,1.31913,1.31944,1.07,2.25
2017.12.20 05:26:17.792,1.31913,1.31945,1.26,2.44
2017.12.20 05:26:17.894,1.31913,1.31945,1.64,2.44
2017.12.20 05:26:19.030,1.31916,1.31944,1.07,1.19
2017.12.20 05:26:19.531,1.31916,1.31944,1.07,1.19
2017.12.20 05:26:19.885,1.31915,1.31944,1.20,1.19
2017.12.20 05:26:20.425,1.31913,1.31944,1.76,1.19
2017.12.20 05:26:21.013,1.31912,1.31944,1.95,1.81
2017.12.20 05:26:21.551,1.31913,1.31943,1.07,1.56
2017.12.20 05:26:22.106,1.31913,1.31943,1.07,1.87
2017.12.20 05:26:22.689,1.31912,1.31943,1.57,1.87
2017.12.20 05:26:23.349,1.31911,1.31941,1.20,1.56
2017.12.20 05:26:23.695,1.31911,1.31942,1.45,1.69
2017.12.20 05:26:24.339,1.31911,1.31942,1.45,1.69
2017.12.20 05:26:25.589,1.31911,1.31941,1.20,1.56
2017.12.20 05:26:25.990,1.31911,1.31941,1.26,1.00
2017.12.20 05:26:26.043,1.31911,1.31941,1.01,1.00
2017.12.20 05:26:26.895,1.31911,1.31942,1.01,1.12
2017.12.20 05:26:28.465,1.31911,1.31941,1.76,1.00
2017.12.20 05:26:31.235,1.31911,1.31942,2.51,1.12
2017.12.20 05:26:31.338,1.31911,1.31941,2.51,1.00
2017.12.20 05:26:33.779,1.31911,1.31942,3.26,1.12
2017.12.20 05:26:34.101,1.31911,1.31937,1.39,1.00
2017.12.20 05:26:34.608,1.31911,1.31937,1.39,1.00
2017.12.20 05:26:36.708,1.31911,1.31937,1.39,1.00
2017.12.20 05:26:38.318,1.31909,1.31934,1.01,1.00
2017.12.20 05:26:41.983,1.31909,1.31934,1.01,1.00
2017.12.20 05:26:42.590,1.31909,1.31934,1.01,1.00
2017.12.20 05:26:58.026,1.31909,1.31934,1.01,1.00
2017.12.20 05:26:58.613,1.31909,1.31934,1.01,1.00
2017.12.20 05:26:59.770,1.31909,1.31934,1.01,1.00
2017.12.20 05:27:01.072,1.31909,1.31934,1.01,1.00
2017.12.20 05:27:01.279,1.31907,1.31934,1.01,1.00
2017.12.20 05:27:01.814,1.31907,1.31934,1.01,1.00
2017.12.20 05:27:04.618,1.31906,1.31934,1.64,1.00
2017.12.20 05:27:16.436,1.31911,1.31934,1.07,1.00
2017.12.20 05:27:16.687,1.31908,1.31936,1.45,1.31
2017.12.20 05:27:17.198,1.31908,1.31936,1.45,1.25
2017.12.20 05:27:17.250,1.31906,1.31931,1.95,1.00
2017.12.20 05:27:17.820,1.31906,1.31931,1.20,1.00
2017.12.20 05:27:25.212,1.31907,1.31931,1.07,1.00
2017.12.20 05:27:25.263,1.31906,1.31931,1.20,1.00
2017.12.20 05:27:31.193,1.31907,1.31931,1.07,1.00
2017.12.20 05:27:31.577,1.31906,1.31931,1.95,1.00
2017.12.20 05:27:35.902,1.31905,1.31931,1.57,1.00
2017.12.20 05:27:36.498,1.31905,1.31931,1.57,1.00
2017.12.20 05:27:42.015,1.31905,1.31931,1.57,1.00
2017.12.20 05:27:50.081,1.31906,1.31931,1.45,1.00
2017.12.20 05:27:51.303,1.31906,1.31931,1.45,1.00
2017.12.20 05:27:51.541,1.31906,1.31935,1.45,1.31
2017.12.20 05:27:57.354,1.31906,1.31929,1.45,1.00
2017.12.20 05:27:57.872,1.31906,1.31929,1.45,1.00
2017.12.20 05:28:14.705,1.31906,1.31929,1.10,1.00
2017.12.20 05:28:16.721,1.31905,1.31929,1.10,1.00
2017.12.20 05:28:17.262,1.31903,1.31929,1.70,1.00
2017.12.20 05:28:22.476,1.31903,1.31929,1.01,1.00
2017.12.20 05:28:28.744,1.31902,1.31927,1.76,1.00
2017.12.20 05:28:34.084,1.31901,1.31927,3.26,1.00
2017.12.20 05:28:34.394,1.319,1.31923,2.89,1.00
2017.12.20 05:28:34.447,1.31901,1.31927,2.14,1.00
2017.12.20 05:28:34.550,1.31903,1.31927,1.76,1.00
2017.12.20 05:28:35.055,1.31904,1.31927,1.45,1.00
2017.12.20 05:28:35.406,1.31904,1.31927,1.45,1.00
2017.12.20 05:28:36.875,1.31904,1.31927,1.45,1.00
2017.12.20 05:28:37.380,1.31904,1.31927,1.45,1.00
2017.12.20 05:28:37.739,1.31903,1.31927,2.51,1.00
2017.12.20 05:28:38.416,1.31904,1.31927,1.45,1.00
2017.12.20 05:28:38.944,1.31904,1.31927,1.45,1.00
2017.12.20 05:28:39.238,1.31904,1.31932,1.95,1.25
2017.12.20 05:28:39.442,1.31904,1.31927,1.45,1.00
2017.12.20 05:28:40.065,1.31904,1.31927,1.20,1.00
2017.12.20 05:28:46.839,1.31904,1.31927,1.20,1.00
2017.12.20 05:28:48.711,1.31904,1.31927,1.07,1.00
2017.12.20 05:28:52.054,1.31904,1.31927,1.20,1.00
2017.12.20 05:28:52.681,1.31903,1.31927,1.45,1.00
2017.12.20 05:29:16.803,1.31902,1.31927,1.57,1.25
2017.12.20 05:29:16.855,1.31901,1.31927,1.45,1.25
2017.12.20 05:29:17.001,1.31897,1.31923,1.07,1.25
2017.12.20 05:29:17.206,1.31896,1.31923,1.70,1.25
2017.12.20 05:29:17.309,1.31896,1.3192,1.70,1.00
2017.12.20 05:29:21.412,1.31896,1.3192,1.45,1.00
2017.12.20 05:29:27.026,1.31896,1.3192,1.57,1.00
2017.12.20 05:29:29.428,1.31896,1.3192,1.57,1.00
2017.12.20 05:29:34.732,1.31895,1.3192,3.26,1.00
2017.12.20 05:29:35.040,1.319,1.31925,2.07,1.00
2017.12.20 05:29:36.508,1.31901,1.31925,1.57,1.00
2017.12.20 05:29:36.709,1.31901,1.31925,1.57,1.00
2017.12.20 05:29:37.048,1.31901,1.31925,1.57,1.00
2017.12.20 05:29:37.318,1.31901,1.31925,1.57,1.00
2017.12.20 05:29:37.834,1.31901,1.31925,2.32,1.00
2017.12.20 05:29:38.385,1.31901,1.31925,2.32,1.00
2017.12.20 05:29:47.095,1.31901,1.31927,2.32,1.00
2017.12.20 05:29:47.645,1.31901,1.31927,2.32,1.00
2017.12.20 05:29:52.147,1.31905,1.31927,1.07,1.00
2017.12.20 05:29:53.975,1.31905,1.31927,1.07,1.00
2017.12.20 05:29:54.282,1.31906,1.31927,1.45,1.00
2017.12.20 05:30:12.856,1.31906,1.31931,1.70,1.00
2017.12.20 05:30:16.028,1.31907,1.31931,1.10,1.00
2017.12.20 05:30:23.663,1.31911,1.31931,1.00,1.00
2017.12.20 05:30:43.665,1.31908,1.31931,1.25,1.00
2017.12.20 05:30:44.023,1.3191,1.31931,1.00,1.00
2017.12.20 05:30:50.930,1.31911,1.31931,1.00,1.00
2017.12.20 05:30:51.064,1.31908,1.31931,1.25,1.00
2017.12.20 05:30:51.117,1.3191,1.31931,1.00,1.00
2017.12.20 05:30:51.450,1.31908,1.31931,1.01,1.00
2017.12.20 05:30:51.784,1.31911,1.31931,1.00,1.00
2017.12.20 05:30:51.835,1.31908,1.31931,1.01,1.00
2017.12.20 05:31:03.027,1.31911,1.31931,1.00,1.00
2017.12.20 05:31:03.132,1.31905,1.31931,2.14,1.00
2017.12.20 05:31:08.574,1.31902,1.31926,1.07,1.00
2017.12.20 05:31:08.626,1.319,1.31926,1.57,1.00
2017.12.20 05:31:09.362,1.31899,1.31926,1.32,1.00
2017.12.20 05:31:28.860,1.31899,1.31926,1.32,1.00
2017.12.20 05:31:30.379,1.31899,1.31926,1.70,1.00
2017.12.20 05:31:33.402,1.31899,1.31926,1.70,1.00
2017.12.20 05:31:39.846,1.31899,1.31926,1.70,1.00
2017.12.20 05:31:41.347,1.31899,1.31926,1.70,1.00
2017.12.20 05:31:41.448,1.31899,1.31926,1.70,1.00
2017.12.20 05:31:52.280,1.31899,1.31926,1.70,1.00
2017.12.20 05:31:52.382,1.31899,1.31926,1.70,1.00
2017.12.20 05:31:53.168,1.31899,1.31926,1.70,1.00
2017.12.20 05:31:56.199,1.31899,1.31926,1.70,1.00
2017.12.20 05:32:07.298,1.31899,1.31926,1.70,1.00
2017.12.20 05:32:08.567,1.31899,1.31929,1.45,1.12
2017.12.20 05:32:08.946,1.31899,1.31929,1.45,1.12
2017.12.20 05:32:15.726,1.31899,1.31929,1.45,1.31
2017.12.20 05:32:20.560,1.31899,1.31929,1.45,1.31
2017.12.20 05:32:28.146,1.31899,1.31929,1.45,1.19
2017.12.20 05:32:32.909,1.31899,1.31929,1.45,1.19
2017.12.20 05:32:37.088,1.31899,1.31929,1.45,1.19
2017.12.20 05:33:00.648,1.31899,1.31929,1.45,1.19
2017.12.20 05:33:01.174,1.31899,1.3193,1.45,2.81
2017.12.20 05:33:02.570,1.31901,1.3193,1.07,2.81
2017.12.20 05:33:03.108,1.31901,1.31927,1.07,1.31
2017.12.20 05:33:03.417,1.31902,1.31929,1.64,1.00
2017.12.20 05:33:03.726,1.31905,1.31929,1.45,1.00
2017.12.20 05:33:04.500,1.31906,1.31929,1.45,1.00
2017.12.20 05:33:13.289,1.31906,1.31931,2.70,1.00
2017.12.20 05:33:27.424,1.31907,1.31931,1.45,1.00
2017.12.20 05:33:27.526,1.31906,1.31931,1.20,1.00
2017.12.20 05:33:31.778,1.31905,1.31931,2.89,1.00
2017.12.20 05:33:32.664,1.31906,1.31931,1.45,1.00
2017.12.20 05:33:32.766,1.31906,1.31931,1.95,1.00
2017.12.20 05:33:33.315,1.31906,1.31931,1.45,1.00
2017.12.20 05:33:34.170,1.31906,1.31931,1.45,1.00
2017.12.20 05:33:36.033,1.31906,1.31931,1.45,1.00
2017.12.20 05:33:36.573,1.31906,1.31931,1.45,1.00
2017.12.20 05:33:37.540,1.31906,1.31931,1.45,1.00
2017.12.20 05:33:44.316,1.31906,1.31931,1.45,1.00
2017.12.20 05:33:48.997,1.31906,1.31931,1.95,1.00
2017.12.20 05:33:49.773,1.31906,1.31931,1.45,1.00
2017.12.20 05:33:50.337,1.31906,1.31931,1.45,1.00
2017.12.20 05:33:50.839,1.31905,1.31931,1.95,1.00
2017.12.20 05:33:52.910,1.31906,1.31931,1.45,1.00
2017.12.20 05:33:57.481,1.31906,1.31931,1.45,1.00
2017.12.20 05:33:57.583,1.31906,1.31931,1.45,1.19
2017.12.20 05:33:59.635,1.31906,1.31931,1.45,1.00
2017.12.20 05:34:00.168,1.31906,1.31931,1.45,1.00
2017.12.20 05:34:01.986,1.31906,1.31931,1.45,1.19
2017.12.20 05:34:02.547,1.31906,1.31931,1.45,1.25
2017.12.20 05:34:12.482,1.31906,1.31931,1.45,1.25
2017.12.20 05:34:18.673,1.31906,1.31934,1.45,2.06
2017.12.20 05:34:23.754,1.31906,1.31934,1.45,2.06
2017.12.20 05:34:24.844,1.31905,1.31934,1.45,2.06
2017.12.20 05:34:31.343,1.31905,1.31934,1.45,2.06
2017.12.20 05:34:31.866,1.31905,1.31934,1.45,1.56
2017.12.20 05:34:32.853,1.31905,1.31934,1.45,2.62
2017.12.20 05:34:33.431,1.31905,1.31934,1.45,2.62
2017.12.20 05:34:34.938,1.31903,1.31934,1.45,3.37
2017.12.20 05:34:35.092,1.31901,1.31928,3.64,1.00
2017.12.20 05:34:58.919,1.319,1.31928,3.64,1.00
2017.12.20 05:34:59.469,1.319,1.31928,2.89,1.00
2017.12.20 05:35:10.748,1.319,1.31928,3.64,1.00
2017.12.20 05:35:10.850,1.319,1.31928,2.89,1.00
2017.12.20 05:35:11.724,1.31901,1.31928,1.64,1.00
2017.12.20 05:35:11.902,1.319,1.31928,2.14,1.00
2017.12.20 05:35:12.805,1.31901,1.31928,1.64,1.00
2017.12.20 05:35:20.020,1.31901,1.31928,1.64,1.00
2017.12.20 05:35:22.832,1.31901,1.31928,1.64,1.00
2017.12.20 05:35:25.634,1.31901,1.31928,2.14,1.00
2017.12.20 05:35:30.239,1.31901,1.31928,2.14,1.00
2017.12.20 05:35:33.094,1.31901,1.31928,1.95,1.00
2017.12.20 05:35:35.263,1.31901,1.31931,1.95,1.00
2017.12.20 05:35:44.765,1.31901,1.31931,1.95,1.00
2017.12.20 05:35:46.264,1.31901,1.31932,1.95,1.50
2017.12.20 05:35:46.774,1.31901,1.31931,1.95,1.00
2017.12.20 05:35:50.394,1.31901,1.31931,1.45,1.00
2017.12.20 05:35:51.018,1.31901,1.3193,1.45,1.00
2017.12.20 05:35:56.267,1.31901,1.31931,1.45,1.00
2017.12.20 05:36:00.123,1.31901,1.31931,1.45,1.00
2017.12.20 05:36:03.270,1.31901,1.31932,2.70,1.50
2017.12.20 05:36:05.487,1.31901,1.31931,2.70,1.00
2017.12.20 05:36:06.022,1.31901,1.31932,2.70,1.12
2017.12.20 05:36:07.952,1.31901,1.31932,2.70,1.12
2017.12.20 05:36:09.459,1.31901,1.31932,2.70,1.12
2017.12.20 05:36:16.470,1.31901,1.31932,2.70,1.12
2017.12.20 05:36:17.236,1.31902,1.31933,1.45,1.37
2017.12.20 05:36:17.787,1.31902,1.31933,1.45,1.37
2017.12.20 05:36:26.023,1.31902,1.31934,1.45,3.75
2017.12.20 05:36:30.266,1.31902,1.31934,1.07,3.82
2017.12.20 05:36:30.317,1.31902,1.31934,1.00,4.20
2017.12.20 05:36:30.838,1.31901,1.31934,2.62,4.95
2017.12.20 05:36:32.143,1.31902,1.31933,1.00,2.32
2017.12.20 05:36:32.680,1.31903,1.31933,1.00,3.07
2017.12.20 05:36:36.995,1.31902,1.31927,1.50,1.00
2017.12.20 05:36:41.155,1.31901,1.31927,3.37,1.00
2017.12.20 05:36:41.507,1.31906,1.31927,1.25,1.00
2017.12.20 05:36:42.787,1.31906,1.31927,1.19,1.00
2017.12.20 05:36:43.089,1.31906,1.3193,1.19,1.00
2017.12.20 05:36:49.738,1.31906,1.3193,1.69,1.20
2017.12.20 05:36:50.734,1.31906,1.3193,1.50,1.20
2017.12.20 05:36:51.680,1.31905,1.3193,1.25,1.20
2017.12.20 05:36:52.155,1.31911,1.3193,1.00,1.00
2017.12.20 05:36:52.343,1.31911,1.31933,1.00,1.20
2017.12.20 05:36:52.447,1.31911,1.31936,3.75,1.00
2017.12.20 05:36:52.500,1.31911,1.31936,3.56,1.00
2017.12.20 05:36:52.653,1.31911,1.31936,1.69,1.20
2017.12.20 05:36:54.797,1.31911,1.31936,1.69,1.45
2017.12.20 05:36:54.953,1.31909,1.31933,1.00,1.39
2017.12.20 05:36:55.004,1.31906,1.31933,1.00,1.64
2017.12.20 05:36:56.414,1.31906,1.31933,1.00,1.64
2017.12.20 05:36:56.516,1.31906,1.31933,1.00,1.64
2017.12.20 05:36:57.061,1.31906,1.31933,1.00,1.45
2017.12.20 05:36:57.564,1.31906,1.31933,1.00,1.45
2017.12.20 05:37:00.016,1.31906,1.31933,1.00,1.45
2017.12.20 05:37:02.424,1.31908,1.31933,1.87,1.45
2017.12.20 05:37:02.590,1.31908,1.31933,1.12,1.10
2017.12.20 05:37:08.410,1.31909,1.31933,1.00,1.00
2017.12.20 05:37:12.017,1.31909,1.31933,1.00,1.20
2017.12.20 05:37:13.599,1.31909,1.31933,1.00,1.45
2017.12.20 05:37:18.428,1.31909,1.31933,1.00,1.20
2017.12.20 05:37:18.944,1.31909,1.31933,1.00,1.10
2017.12.20 05:37:21.584,1.31909,1.31933,1.00,1.20
2017.12.20 05:37:57.075,1.31909,1.31937,1.00,1.45
2017.12.20 05:37:58.142,1.31909,1.31937,1.00,1.95
2017.12.20 05:38:07.096,1.31911,1.31939,1.00,2.14
2017.12.20 05:38:07.642,1.31912,1.31936,1.00,1.00
2017.12.20 05:38:08.693,1.31912,1.31936,1.00,1.07
2017.12.20 05:38:10.028,1.31912,1.31936,1.00,1.10
2017.12.20 05:38:13.984,1.31911,1.31936,1.50,1.10
2017.12.20 05:38:20.030,1.31915,1.31936,1.00,1.00
2017.12.20 05:38:22.131,1.31911,1.31936,1.50,1.00
2017.12.20 05:38:22.674,1.3191,1.31936,1.69,1.07
2017.12.20 05:38:23.327,1.31911,1.31936,1.00,1.07
2017.12.20 05:38:24.170,1.31911,1.31936,1.69,1.00
2017.12.20 05:38:33.789,1.31913,1.31936,1.25,1.00
2017.12.20 05:38:35.846,1.31914,1.31936,1.00,1.00
2017.12.20 05:38:44.315,1.31912,1.31936,1.19,1.00
2017.12.20 05:38:44.860,1.31912,1.31936,1.00,1.00
2017.12.20 05:38:45.300,1.31916,1.31936,1.00,1.00
2017.12.20 05:38:45.352,1.31911,1.31936,3.00,1.00
2017.12.20 05:38:53.186,1.31912,1.31936,1.00,1.10
2017.12.20 05:39:00.581,1.31911,1.31936,3.00,1.10
2017.12.20 05:39:01.363,1.31912,1.31936,1.00,1.10
2017.12.20 05:39:03.725,1.31911,1.31936,3.00,1.10
2017.12.20 05:39:07.306,1.31911,1.31939,1.50,1.70
2017.12.20 05:39:07.795,1.31911,1.31939,1.50,1.70
2017.12.20 05:39:11.020,1.31911,1.31939,1.00,1.70
2017.12.20 05:39:12.175,1.31911,1.31939,1.00,1.70
2017.12.20 05:39:12.784,1.31911,1.31939,1.00,1.70
2017.12.20 05:39:13.919,1.31911,1.31939,1.00,1.39
2017.12.20 05:39:18.016,1.31911,1.31939,1.00,1.39
2017.12.20 05:39:18.561,1.31911,1.31939,1.00,1.70
2017.12.20 05:39:19.603,1.31911,1.31939,1.00,1.70
2017.12.20 05:39:19.700,1.31911,1.31939,1.00,1.32
2017.12.20 05:39:19.802,1.31916,1.31939,1.00,1.70
2017.12.20 05:39:24.571,1.31916,1.31939,1.00,1.70
2017.12.20 05:39:28.100,1.31911,1.31939,1.50,1.70
2017.12.20 05:39:48.202,1.31911,1.31939,1.00,1.45
2017.12.20 05:39:48.750,1.31912,1.31939,1.00,1.45
2017.12.20 05:39:57.866,1.31912,1.31939,1.00,1.45
2017.12.20 05:40:03.552,1.31912,1.31938,1.00,1.45
2017.12.20 05:40:03.604,1.31916,1.31938,1.00,1.95
2017.12.20 05:40:03.658,1.31911,1.31933,1.00,1.39
2017.12.20 05:40:03.711,1.31906,1.31933,2.25,3.26
2017.12.20 05:40:03.762,1.31905,1.31933,1.50,3.26
2017.12.20 05:40:04.282,1.31905,1.3193,1.00,1.70
2017.12.20 05:40:08.153,1.31905,1.3193,1.00,1.70
2017.12.20 05:40:13.574,1.31905,1.3193,1.00,1.70
2017.12.20 05:40:14.127,1.31905,1.3193,1.00,1.70
2017.12.20 05:40:14.180,1.31903,1.31928,1.50,1.01
2017.12.20 05:40:14.401,1.31901,1.31927,1.50,1.76
2017.12.20 05:40:14.453,1.31901,1.31927,1.00,1.76
2017.12.20 05:40:14.506,1.319,1.31927,1.00,1.76
2017.12.20 05:40:14.890,1.31901,1.31927,1.19,1.45
2017.12.20 05:40:14.942,1.319,1.31926,1.00,1.64
2017.12.20 05:40:15.507,1.319,1.31923,1.00,1.20
2017.12.20 05:40:16.450,1.319,1.31923,1.12,1.45
2017.12.20 05:40:17.182,1.31897,1.31923,3.94,1.95
2017.12.20 05:40:17.285,1.31897,1.31921,2.81,1.45
2017.12.20 05:40:17.337,1.31897,1.31921,2.44,1.45
2017.12.20 05:40:17.493,1.31901,1.31925,1.37,1.70
2017.12.20 05:40:17.599,1.31902,1.31925,1.25,1.10
2017.12.20 05:40:20.201,1.31901,1.31925,2.06,1.00
2017.12.20 05:40:21.658,1.31902,1.31925,1.50,1.00
2017.12.20 05:40:24.868,1.31902,1.31926,1.50,1.76
2017.12.20 05:40:25.176,1.319,1.31925,1.50,2.14
2017.12.20 05:40:25.526,1.31891,1.31913,1.00,1.26
2017.12.20 05:40:25.629,1.31886,1.3191,1.00,1.64
2017.12.20 05:40:25.733,1.31876,1.31903,1.00,1.45
2017.12.20 05:40:25.835,1.31878,1.31904,1.00,1.70
2017.12.20 05:40:25.888,1.3188,1.31904,1.00,1.45
2017.12.20 05:40:26.042,1.3188,1.31904,1.00,1.00
2017.12.20 05:40:26.559,1.31881,1.31904,1.00,1.00
2017.12.20 05:40:27.168,1.31881,1.31904,1.00,1.07
2017.12.20 05:40:28.802,1.31881,1.31904,1.50,1.10
2017.12.20 05:40:30.064,1.31881,1.31904,1.00,1.20
2017.12.20 05:40:30.649,1.31881,1.31904,1.00,1.20
2017.12.20 05:40:32.081,1.31881,1.31904,1.00,1.39
2017.12.20 05:40:32.597,1.31881,1.31904,1.00,1.39
2017.12.20 05:40:33.488,1.31881,1.31904,1.00,1.39
2017.12.20 05:40:34.193,1.3188,1.31904,1.50,1.39
2017.12.20 05:40:35.558,1.3188,1.31904,1.50,1.70
2017.12.20 05:40:36.081,1.3188,1.31904,1.00,1.45
2017.12.20 05:40:40.098,1.3188,1.31904,1.00,1.00
2017.12.20 05:40:40.972,1.31881,1.31904,1.00,1.00
2017.12.20 05:40:46.702,1.31886,1.31909,1.00,1.39
2017.12.20 05:40:47.072,1.31886,1.31909,1.00,1.66
2017.12.20 05:40:53.795,1.31886,1.3191,1.00,3.45
2017.12.20 05:40:55.597,1.31886,1.3191,1.00,1.50
2017.12.20 05:40:56.098,1.31886,1.31909,1.00,1.00
2017.12.20 05:40:56.835,1.31886,1.31911,1.00,1.25
2017.12.20 05:40:59.278,1.31886,1.31911,1.00,1.19
2017.12.20 05:41:00.176,1.31887,1.31913,1.00,1.56
2017.12.20 05:41:00.728,1.31886,1.31913,1.57,1.56
2017.12.20 05:41:04.200,1.31887,1.31913,1.00,1.56
2017.12.20 05:41:06.200,1.31886,1.31913,1.57,1.56
2017.12.20 05:41:15.211,1.31887,1.31913,1.00,1.56
2017.12.20 05:41:16.353,1.31887,1.31913,2.32,1.31
2017.12.20 05:41:20.563,1.31887,1.31913,1.57,1.56
2017.12.20 05:41:33.174,1.31887,1.31913,2.32,1.56
2017.12.20 05:41:34.301,1.31887,1.31915,1.37,2.06
2017.12.20 05:41:34.819,1.31889,1.31917,1.00,3.45
2017.12.20 05:41:35.024,1.31886,1.31913,1.50,1.31
2017.12.20 05:41:35.076,1.31886,1.31913,1.00,1.31
2017.12.20 05:41:35.600,1.31888,1.31915,1.12,2.62
2017.12.20 05:41:42.215,1.3189,1.31915,1.00,1.12
2017.12.20 05:41:42.420,1.3189,1.31914,1.00,1.19
2017.12.20 05:41:42.473,1.31887,1.31913,1.87,1.56
2017.12.20 05:41:42.525,1.31888,1.31913,1.12,1.25
2017.12.20 05:41:42.628,1.31891,1.31917,1.00,2.51
2017.12.20 05:41:47.590,1.3189,1.31917,1.50,2.06
2017.12.20 05:41:49.797,1.31891,1.31917,1.00,1.66
2017.12.20 05:41:53.224,1.31891,1.31917,1.50,1.56
2017.12.20 05:41:56.984,1.31891,1.31917,1.50,1.31
2017.12.20 05:41:59.230,1.31891,1.31917,1.50,1.87
2017.12.20 05:42:11.989,1.3189,1.31912,1.00,1.25
2017.12.20 05:42:12.042,1.31886,1.31911,2.25,1.19
2017.12.20 05:42:12.374,1.31881,1.31906,1.00,1.56
2017.12.20 05:42:12.784,1.31886,1.31907,1.00,1.95
2017.12.20 05:42:14.545,1.31886,1.31909,1.00,1.87
2017.12.20 05:42:20.629,1.31885,1.31909,1.00,1.12
2017.12.20 05:42:20.732,1.31888,1.31911,1.50,1.56
2017.12.20 05:42:20.835,1.31891,1.31915,1.00,1.56
2017.12.20 05:42:20.988,1.31891,1.31914,1.00,1.12
2017.12.20 05:42:24.151,1.31891,1.31914,1.00,2.62
2017.12.20 05:42:27.401,1.31887,1.31912,1.75,1.56
2017.12.20 05:42:29.007,1.31887,1.31912,1.75,1.56
2017.12.20 05:42:43.384,1.31887,1.31912,1.50,1.56
2017.12.20 05:43:03.032,1.31887,1.31912,1.50,1.56
2017.12.20 05:43:06.019,1.31886,1.31912,1.20,1.56
2017.12.20 05:43:14.066,1.31885,1.31906,1.00,1.87
2017.12.20 05:43:14.118,1.31881,1.31905,1.50,1.19
2017.12.20 05:43:14.323,1.31878,1.31905,1.00,1.26
2017.12.20 05:43:14.477,1.31881,1.31905,1.00,1.26
2017.12.20 05:43:14.785,1.31885,1.31908,1.00,1.31
2017.12.20 05:43:17.201,1.31881,1.31908,2.25,1.31
2017.12.20 05:43:18.292,1.31885,1.31908,1.00,1.31
2017.12.20 05:43:18.415,1.31881,1.31908,2.25,1.31
2017.12.20 05:43:18.972,1.31882,1.31908,1.00,1.31
2017.12.20 05:43:19.535,1.31881,1.31908,2.25,1.66
2017.12.20 05:43:23.377,1.31882,1.31908,1.00,1.66
2017.12.20 05:43:28.042,1.31881,1.31908,2.25,1.66
2017.12.20 05:43:29.261,1.31882,1.31908,1.00,1.66
2017.12.20 05:43:30.034,1.31881,1.31908,3.00,1.56
2017.12.20 05:43:30.848,1.31882,1.31908,1.00,1.66
2017.12.20 05:43:33.221,1.31881,1.31908,3.00,1.75
2017.12.20 05:43:33.398,1.31886,1.31908,1.12,1.75
2017.12.20 05:43:33.503,1.31891,1.31913,1.00,1.00
2017.12.20 05:43:33.647,1.3189,1.31916,1.12,1.00
2017.12.20 05:43:34.394,1.31891,1.31916,1.00,1.00
2017.12.20 05:43:34.445,1.31891,1.31916,1.00,1.69
2017.12.20 05:43:34.651,1.31886,1.31914,1.69,1.01
2017.12.20 05:43:34.703,1.31886,1.31914,1.50,1.39
2017.12.20 05:43:36.851,1.31887,1.31916,1.00,2.14
2017.12.20 05:43:37.158,1.31889,1.31916,1.37,2.14
2017.12.20 05:43:43.449,1.31891,1.31913,1.00,1.26
2017.12.20 05:43:43.788,1.31891,1.31912,1.00,1.29
2017.12.20 05:43:44.048,1.31891,1.31912,1.00,1.50
2017.12.20 05:43:44.357,1.31891,1.31914,1.00,1.25
2017.12.20 05:43:45.639,1.31891,1.31913,1.00,1.00
2017.12.20 05:43:50.395,1.31891,1.31915,1.00,1.50
2017.12.20 05:43:52.826,1.31891,1.31913,1.00,1.00
2017.12.20 05:43:53.478,1.3189,1.31913,1.00,1.00
2017.12.20 05:43:54.306,1.31891,1.31915,1.00,1.19
2017.12.20 05:43:54.905,1.31891,1.31915,1.00,1.56
2017.12.20 05:43:59.518,1.31891,1.31915,1.00,2.14
2017.12.20 05:44:18.380,1.31891,1.31909,1.00,1.00
2017.12.20 05:44:19.247,1.31885,1.31909,1.87,1.00
2017.12.20 05:44:20.811,1.31885,1.31908,1.87,1.00
2017.12.20 05:44:21.445,1.31885,1.31909,1.87,1.00
2017.12.20 05:44:22.208,1.31886,1.31909,1.00,1.31
2017.12.20 05:44:22.311,1.31886,1.31909,1.00,1.00
2017.12.20 05:44:22.363,1.31885,1.31909,1.50,1.19
2017.12.20 05:44:22.517,1.31885,1.31909,1.50,1.00
2017.12.20 05:44:23.094,1.31885,1.3191,1.50,1.25
2017.12.20 05:44:31.068,1.31886,1.3191,1.00,1.25
2017.12.20 05:44:37.138,1.31886,1.31911,2.25,1.19
2017.12.20 05:44:37.419,1.31881,1.31908,1.00,1.75
2017.12.20 05:44:39.596,1.31881,1.3191,1.00,1.39
2017.12.20 05:44:41.861,1.3188,1.3191,1.87,1.39
2017.12.20 05:44:47.136,1.31881,1.3191,1.00,1.39
2017.12.20 05:44:50.434,1.3188,1.31908,2.62,1.19
2017.12.20 05:44:51.128,1.31881,1.31908,1.00,1.29
2017.12.20 05:44:52.565,1.3188,1.31903,1.00,1.29
2017.12.20 05:44:52.733,1.31876,1.319,1.50,1.00
2017.12.20 05:44:54.152,1.31876,1.31902,1.50,1.25
2017.12.20 05:45:01.432,1.31876,1.31901,1.50,1.00
2017.12.20 05:45:02.171,1.31876,1.31899,1.50,1.00
2017.12.20 05:45:04.915,1.31876,1.31898,1.50,1.00
2017.12.20 05:45:04.967,1.31872,1.31897,1.00,1.00
2017.12.20 05:45:05.548,1.31871,1.31897,1.12,1.00
2017.12.20 05:45:07.104,1.31869,1.31896,1.50,1.31
2017.12.20 05:45:07.445,1.31862,1.31886,1.75,1.25
2017.12.20 05:45:07.758,1.31862,1.31887,1.00,1.66
2017.12.20 05:45:08.329,1.31861,1.31887,1.12,1.64
2017.12.20 05:45:08.724,1.3186,1.31888,1.37,2.14
2017.12.20 05:45:09.157,1.31865,1.31886,1.00,1.19
2017.12.20 05:45:09.700,1.31865,1.31886,1.00,1.25
2017.12.20 05:45:15.973,1.31865,1.31888,1.00,1.50
2017.12.20 05:45:17.373,1.31865,1.3189,1.00,1.19
2017.12.20 05:45:29.620,1.31865,1.3189,1.50,1.10
2017.12.20 05:45:36.693,1.31865,1.31892,2.06,1.50
2017.12.20 05:45:36.797,1.31871,1.31895,1.00,1.00
2017.12.20 05:45:36.849,1.31871,1.31899,1.87,1.29
2017.12.20 05:45:37.415,1.31872,1.31899,1.10,1.19
2017.12.20 05:45:37.827,1.31876,1.31899,1.00,1.19
2017.12.20 05:45:37.878,1.31873,1.31899,1.00,1.19
2017.12.20 05:45:38.726,1.31872,1.31899,1.10,1.19
2017.12.20 05:45:39.238,1.31873,1.31899,1.00,1.19
2017.12.20 05:45:40.056,1.31872,1.31899,1.10,1.19
2017.12.20 05:45:44.532,1.31876,1.31898,1.00,1.25
2017.12.20 05:45:45.730,1.31878,1.31902,1.00,1.64
2017.12.20 05:45:45.871,1.31881,1.31906,1.29,1.00
2017.12.20 05:45:45.981,1.31882,1.3191,1.62,1.57
2017.12.20 05:45:46.085,1.31883,1.31906,1.12,1.00
2017.12.20 05:45:46.341,1.31878,1.31903,1.00,1.00
2017.12.20 05:45:46.848,1.31876,1.31903,1.31,1.00
2017.12.20 05:45:47.396,1.31876,1.31902,1.31,1.00
2017.12.20 05:45:47.622,1.31875,1.31898,1.25,1.00
2017.12.20 05:45:47.934,1.31876,1.31899,1.19,1.00
2017.12.20 05:45:48.126,1.31876,1.31899,1.00,1.00
2017.12.20 05:45:49.946,1.31876,1.31898,1.00,1.00
2017.12.20 05:45:52.448,1.31875,1.31898,1.00,1.00
2017.12.20 05:45:57.344,1.31875,1.31899,1.00,1.25
2017.12.20 05:45:57.498,1.31876,1.319,1.07,1.19
2017.12.20 05:45:57.805,1.31876,1.31901,1.07,1.25
2017.12.20 05:45:58.345,1.31876,1.31901,1.20,1.25
2017.12.20 05:45:58.884,1.31876,1.31901,1.07,1.25
2017.12.20 05:45:59.399,1.31876,1.319,1.07,1.00
2017.12.20 05:45:59.943,1.31874,1.31901,1.95,1.25
2017.12.20 05:46:01.463,1.31876,1.31901,1.20,1.25
2017.12.20 05:46:01.932,1.31878,1.31908,1.57,2.62
2017.12.20 05:46:01.984,1.31886,1.31909,1.00,1.19
2017.12.20 05:46:02.036,1.31883,1.31912,1.45,2.62
2017.12.20 05:46:02.140,1.31886,1.31912,1.64,1.00
2017.12.20 05:46:02.346,1.31887,1.31913,1.70,1.00
2017.12.20 05:46:02.856,1.31887,1.3191,1.70,1.00
2017.12.20 05:46:03.064,1.31886,1.3191,1.95,1.00
2017.12.20 05:46:03.501,1.31886,1.3191,1.70,1.00
2017.12.20 05:46:04.025,1.31887,1.31911,1.01,1.00
2017.12.20 05:46:04.415,1.31886,1.31912,1.64,1.00
2017.12.20 05:46:05.115,1.31886,1.31914,2.14,1.00
2017.12.20 05:46:05.177,1.31886,1.31912,2.14,1.00
2017.12.20 05:46:05.902,1.31886,1.31913,2.14,1.00
2017.12.20 05:46:07.133,1.31887,1.31914,1.26,1.00
2017.12.20 05:46:07.454,1.31887,1.31912,1.26,1.00
2017.12.20 05:46:07.966,1.31887,1.31913,1.26,1.00
2017.12.20 05:46:08.490,1.31886,1.31913,2.89,1.00
2017.12.20 05:46:09.006,1.31886,1.31912,2.89,1.00
2017.12.20 05:46:09.331,1.31887,1.31912,1.29,1.00
2017.12.20 05:46:09.382,1.31886,1.31912,2.89,1.00
2017.12.20 05:46:11.792,1.31887,1.31912,1.81,1.00
2017.12.20 05:46:12.276,1.31888,1.31915,1.64,1.00
2017.12.20 05:46:12.639,1.31892,1.31918,1.26,1.50
2017.12.20 05:46:12.692,1.31892,1.3192,2.14,1.00
2017.12.20 05:46:12.886,1.31892,1.3192,1.64,1.00
2017.12.20 05:46:12.937,1.31892,1.31914,1.57,1.00
2017.12.20 05:46:13.040,1.31891,1.31913,1.00,1.00
2017.12.20 05:46:13.349,1.31887,1.31911,1.39,1.00
2017.12.20 05:46:13.401,1.31888,1.31911,1.32,1.00
2017.12.20 05:46:13.504,1.31888,1.31911,1.26,1.00
2017.12.20 05:46:14.247,1.31887,1.31911,1.76,1.00
2017.12.20 05:46:15.026,1.31888,1.31911,1.26,1.00
2017.12.20 05:46:16.154,1.31887,1.31911,1.76,1.00
2017.12.20 05:46:16.773,1.31887,1.31911,1.76,1.00
2017.12.20 05:46:17.179,1.31887,1.31911,1.31,1.00
2017.12.20 05:46:17.508,1.31887,1.31911,1.76,1.00
2017.12.20 05:46:18.024,1.31888,1.31911,1.26,1.00
2017.12.20 05:46:18.581,1.31888,1.31911,1.19,1.00
2017.12.20 05:46:20.508,1.31886,1.31911,1.50,1.56
2017.12.20 05:46:20.614,1.31884,1.31908,1.00,1.31
2017.12.20 05:46:20.666,1.31886,1.31909,1.00,1.19
2017.12.20 05:46:20.973,1.31885,1.31911,1.10,1.00
2017.12.20 05:46:21.213,1.31885,1.31913,1.10,1.69
2017.12.20 05:46:22.077,1.31886,1.31913,1.00,1.25
2017.12.20 05:46:22.617,1.31886,1.31913,1.00,1.19
2017.12.20 05:46:24.841,1.31886,1.31911,1.00,1.00
2017.12.20 05:46:24.995,1.31886,1.31911,2.06,1.00
2017.12.20 05:46:26.075,1.31886,1.31911,1.69,1.00
2017.12.20 05:46:29.434,1.31886,1.31914,2.44,1.07
2017.12.20 05:46:29.589,1.31888,1.31915,1.31,1.07
2017.12.20 05:46:29.642,1.31887,1.31915,1.56,1.10
2017.12.20 05:46:30.151,1.31889,1.31914,1.19,1.00
2017.12.20 05:46:30.941,1.31889,1.31915,1.19,1.10
2017.12.20 05:46:36.080,1.3189,1.31915,1.19,1.20
2017.12.20 05:46:36.418,1.3189,1.31915,1.56,1.45
2017.12.20 05:46:37.128,1.3189,1.31915,1.19,1.45
2017.12.20 05:46:41.399,1.31891,1.31915,1.25,1.45
2017.12.20 05:46:41.961,1.31891,1.31915,1.25,1.45
2017.12.20 05:46:42.012,1.31891,1.31915,1.31,1.45
2017.12.20 05:46:42.958,1.31891,1.31915,1.31,1.45
2017.12.20 05:46:43.280,1.31891,1.31916,1.31,1.45
2017.12.20 05:46:44.273,1.31891,1.31915,1.31,1.45
2017.12.20 05:46:44.753,1.31891,1.31915,1.56,1.45
2017.12.20 05:46:46.617,1.31891,1.31915,1.31,1.45
2017.12.20 05:46:47.552,1.31891,1.31915,1.31,1.45
2017.12.20 05:46:50.335,1.31891,1.31916,1.31,1.45
2017.12.20 05:46:50.464,1.31891,1.31916,2.06,1.00
2017.12.20 05:46:52.108,1.31891,1.31917,1.31,1.10
2017.12.20 05:46:52.338,1.31891,1.31915,1.31,1.00
2017.12.20 05:46:52.679,1.31891,1.31916,1.19,1.00
2017.12.20 05:46:52.732,1.31891,1.31918,1.19,1.10
2017.12.20 05:46:53.435,1.31891,1.31918,1.19,1.45
2017.12.20 05:46:54.014,1.31891,1.31918,1.19,1.45
2017.12.20 05:46:54.375,1.31891,1.31915,1.31,1.10
2017.12.20 05:46:55.677,1.31891,1.3192,2.81,1.95
2017.12.20 05:46:55.985,1.31894,1.3192,2.81,1.10
2017.12.20 05:46:57.402,1.31894,1.3192,2.06,1.07
2017.12.20 05:46:58.771,1.31895,1.3192,1.69,1.10
2017.12.20 05:46:59.324,1.31895,1.3192,1.69,1.07
2017.12.20 05:47:00.747,1.31895,1.31921,1.69,1.07
2017.12.20 05:47:00.799,1.31895,1.31921,1.69,1.07
2017.12.20 05:47:01.308,1.31895,1.31921,1.69,1.20
2017.12.20 05:47:03.146,1.31895,1.3192,1.69,1.10
2017.12.20 05:47:03.434,1.31895,1.3192,2.25,1.07
2017.12.20 05:47:04.597,1.31895,1.31919,1.19,1.00
2017.12.20 05:47:05.557,1.31895,1.31919,1.69,1.07
2017.12.20 05:47:06.575,1.31895,1.3192,1.69,1.20
2017.12.20 05:47:07.677,1.31893,1.31917,2.06,1.00
2017.12.20 05:47:07.830,1.31893,1.31919,1.31,1.07
2017.12.20 05:47:08.085,1.31893,1.31919,1.31,1.45
2017.12.20 05:47:08.478,1.31893,1.31919,1.00,1.45
2017.12.20 05:47:09.029,1.31893,1.31919,1.00,1.45
2017.12.20 05:47:11.948,1.31893,1.31917,1.00,1.00
2017.12.20 05:47:12.101,1.31893,1.3192,1.00,1.01
2017.12.20 05:47:13.687,1.31893,1.3192,1.00,1.19
2017.12.20 05:47:14.578,1.31893,1.3192,1.25,1.25
2017.12.20 05:47:14.770,1.31896,1.3192,1.12,1.00
2017.12.20 05:47:14.823,1.31896,1.31923,1.12,1.57
2017.12.20 05:47:15.644,1.31897,1.31923,2.62,1.00
2017.12.20 05:47:15.849,1.31897,1.31923,2.06,1.00
2017.12.20 05:47:16.125,1.31897,1.31926,1.31,1.10
2017.12.20 05:47:16.228,1.319,1.31926,1.12,1.00
2017.12.20 05:47:16.280,1.31902,1.31928,1.19,1.10
2017.12.20 05:47:16.494,1.31901,1.31928,1.69,1.00
2017.12.20 05:47:17.237,1.319,1.31928,1.19,1.07
2017.12.20 05:47:17.288,1.319,1.31924,1.19,1.00
2017.12.20 05:47:18.204,1.319,1.31925,1.19,1.00
2017.12.20 05:47:20.848,1.319,1.31921,1.00,1.00
2017.12.20 05:47:21.053,1.31896,1.3192,2.32,1.00
2017.12.20 05:47:22.014,1.31898,1.31923,1.00,1.19
2017.12.20 05:47:22.066,1.31896,1.31924,2.25,1.19
2017.12.20 05:47:22.957,1.31896,1.31924,1.50,1.26
2017.12.20 05:47:23.610,1.31896,1.31924,1.69,1.26
2017.12.20 05:47:23.715,1.31896,1.31924,1.69,1.26
2017.12.20 05:47:24.022,1.31901,1.31926,1.00,1.07
2017.12.20 05:47:26.436,1.31901,1.31925,1.25,1.00
2017.12.20 05:47:27.538,1.31901,1.31925,1.25,1.07
2017.12.20 05:47:28.045,1.31901,1.31926,1.25,1.07
2017.12.20 05:47:28.976,1.31901,1.31926,1.25,1.20
2017.12.20 05:47:29.710,1.31901,1.31929,1.25,1.64
2017.12.20 05:47:30.427,1.31906,1.31928,1.00,1.70
2017.12.20 05:47:30.824,1.31901,1.31928,1.19,1.45
2017.12.20 05:47:31.502,1.31901,1.31928,1.19,1.45
2017.12.20 05:47:32.033,1.31901,1.31926,1.19,1.20
2017.12.20 05:47:32.561,1.31901,1.31929,1.19,1.45
2017.12.20 05:47:32.911,1.31906,1.31929,1.00,1.45
2017.12.20 05:47:34.425,1.31906,1.31927,1.00,1.45
2017.12.20 05:47:35.157,1.31901,1.31927,1.00,1.45
2017.12.20 05:47:35.898,1.31901,1.31926,1.00,1.45
2017.12.20 05:47:38.536,1.31901,1.31926,1.25,1.45
2017.12.20 05:47:39.133,1.31906,1.31928,1.00,1.70
2017.12.20 05:47:40.295,1.31906,1.31929,1.00,1.45
2017.12.20 05:47:40.348,1.31906,1.31932,1.00,1.20
2017.12.20 05:47:40.401,1.3191,1.31932,1.19,1.20
2017.12.20 05:47:40.914,1.3191,1.31932,1.19,1.20
2017.12.20 05:47:41.251,1.3191,1.31931,1.19,1.20
2017.12.20 05:47:43.370,1.3191,1.31931,1.25,1.95
2017.12.20 05:47:43.895,1.3191,1.31931,1.25,1.07
2017.12.20 05:47:44.732,1.31911,1.31933,1.00,1.45
2017.12.20 05:47:46.715,1.3191,1.31933,1.25,1.45
2017.12.20 05:47:47.217,1.31911,1.31931,1.00,1.07
2017.12.20 05:47:47.945,1.3191,1.31931,1.25,1.07
2017.12.20 05:47:49.006,1.31911,1.31933,1.00,1.45
2017.12.20 05:47:49.764,1.31911,1.31933,1.00,1.45
2017.12.20 05:47:50.274,1.31906,1.31934,2.06,1.45
2017.12.20 05:47:50.676,1.31911,1.31934,1.19,1.07
2017.12.20 05:47:51.720,1.31911,1.31934,1.19,1.20
2017.12.20 05:47:52.538,1.3191,1.31934,1.19,1.07
2017.12.20 05:47:55.636,1.3191,1.31934,1.19,1.45
2017.12.20 05:47:55.734,1.3191,1.31934,1.19,1.45
2017.12.20 05:47:56.534,1.31911,1.31933,1.19,1.07
2017.12.20 05:47:57.906,1.31906,1.31933,3.37,1.45
2017.12.20 05:47:58.542,1.31911,1.31933,1.19,1.07
2017.12.20 05:47:58.604,1.31911,1.31933,1.19,1.45
2017.12.20 05:47:58.919,1.31911,1.31933,1.19,1.00
2017.12.20 05:48:01.798,1.31911,1.31934,1.19,1.10
2017.12.20 05:48:03.252,1.31911,1.31933,1.19,1.00
2017.12.20 05:48:04.068,1.31911,1.31934,1.19,1.00
2017.12.20 05:48:05.211,1.31911,1.31933,1.19,1.00
2017.12.20 05:48:07.074,1.31911,1.31934,1.19,1.00
2017.12.20 05:48:08.597,1.31911,1.31933,1.19,1.00
2017.12.20 05:48:10.149,1.31911,1.31933,1.19,1.45
2017.12.20 05:48:10.754,1.31911,1.31933,1.00,1.45
2017.12.20 05:48:11.060,1.31911,1.31932,1.00,1.45
2017.12.20 05:48:11.604,1.31911,1.31931,1.00,1.95
2017.12.20 05:48:11.656,1.31905,1.31931,1.31,1.95
2017.12.20 05:48:11.707,1.31905,1.3193,1.19,1.45
2017.12.20 05:48:11.913,1.31901,1.31924,1.19,1.20
2017.12.20 05:48:12.118,1.319,1.31924,1.69,1.07
2017.12.20 05:48:12.491,1.31905,1.31931,1.19,1.95
2017.12.20 05:48:13.007,1.31903,1.31929,1.56,1.45
2017.12.20 05:48:13.059,1.31903,1.31929,1.19,1.45
2017.12.20 05:48:13.253,1.31905,1.31926,1.00,1.64
2017.12.20 05:48:13.305,1.31903,1.3193,1.25,1.70
2017.12.20 05:48:13.356,1.31905,1.31932,1.00,1.64
2017.12.20 05:48:13.720,1.31904,1.31927,1.00,1.45
2017.12.20 05:48:13.864,1.31904,1.31927,1.00,1.45
2017.12.20 05:48:14.123,1.31906,1.31932,1.00,2.14
2017.12.20 05:48:14.226,1.31908,1.31933,1.00,1.01
2017.12.20 05:48:14.890,1.31908,1.31933,1.00,1.76
2017.12.20 05:48:15.404,1.31908,1.31933,1.00,1.39
2017.12.20 05:48:16.975,1.31907,1.31932,1.12,1.26
2017.12.20 05:48:17.239,1.31908,1.31932,1.00,1.39
2017.12.20 05:48:17.341,1.31908,1.31932,1.00,1.26
2017.12.20 05:48:18.034,1.31907,1.31932,1.12,1.26
2017.12.20 05:48:18.189,1.31908,1.31932,1.00,1.39
2017.12.20 05:48:18.241,1.31903,1.31924,1.00,1.00
2017.12.20 05:48:18.293,1.31901,1.31924,2.25,1.00
2017.12.20 05:48:18.567,1.31901,1.31923,2.25,1.07
2017.12.20 05:48:19.090,1.31901,1.31925,2.25,1.07
2017.12.20 05:48:19.445,1.31901,1.31925,2.25,1.45
2017.12.20 05:48:20.023,1.31901,1.31925,2.25,1.45
2017.12.20 05:48:22.982,1.31901,1.31925,1.50,1.07
2017.12.20 05:48:29.239,1.31901,1.31925,2.25,1.07
2017.12.20 05:48:29.926,1.31901,1.31925,2.25,1.07
2017.12.20 05:48:30.075,1.31901,1.31925,2.25,1.00
2017.12.20 05:48:44.826,1.31901,1.31923,1.50,1.00
2017.12.20 05:48:46.502,1.319,1.31923,1.87,1.00
2017.12.20 05:48:53.706,1.31901,1.31923,1.00,1.00
2017.12.20 05:48:55.323,1.31901,1.31924,1.00,1.00
2017.12.20 05:48:58.871,1.319,1.31924,1.87,1.00
2017.12.20 05:49:01.138,1.31901,1.31924,1.00,1.00
2017.12.20 05:49:12.758,1.31901,1.31921,1.00,1.00
2017.12.20 05:49:13.129,1.31897,1.31917,1.00,1.00
2017.12.20 05:49:13.650,1.31897,1.31918,1.00,1.00
2017.12.20 05:49:16.974,1.31897,1.31919,1.00,1.25
2017.12.20 05:49:20.520,1.31897,1.31918,1.00,1.00
2017.12.20 05:49:23.814,1.31897,1.31918,1.00,1.07
2017.12.20 05:49:29.553,1.31897,1.31918,1.00,1.10
2017.12.20 05:49:33.078,1.31897,1.31918,1.00,1.07
2017.12.20 05:49:34.076,1.31897,1.31918,1.00,1.10
2017.12.20 05:49:37.765,1.31897,1.31919,1.00,1.01
2017.12.20 05:49:39.164,1.31897,1.31919,1.00,1.32
2017.12.20 05:49:39.752,1.31897,1.31919,1.00,1.01
2017.12.20 05:49:41.976,1.31897,1.31919,1.00,1.07
2017.12.20 05:49:51.514,1.31897,1.3192,1.00,1.32
2017.12.20 05:49:51.671,1.31901,1.31925,1.00,1.29
2017.12.20 05:49:53.148,1.31901,1.31925,1.00,1.01
2017.12.20 05:49:53.652,1.319,1.31924,1.00,1.00
2017.12.20 05:50:05.880,1.31901,1.31924,1.00,1.10
2017.12.20 05:50:06.122,1.31901,1.31927,1.00,1.07
2017.12.20 05:50:06.883,1.31901,1.31927,1.00,1.07
2017.12.20 05:50:07.408,1.31901,1.31927,1.00,1.07
2017.12.20 05:50:10.894,1.31901,1.31927,1.12,1.07
2017.12.20 05:50:10.997,1.31905,1.31927,1.00,1.07
2017.12.20 05:50:11.506,1.31905,1.31927,1.00,1.10
2017.12.20 05:50:12.381,1.31905,1.31927,1.00,1.07
2017.12.20 05:50:17.409,1.31901,1.31927,1.69,1.20
2017.12.20 05:50:17.742,1.31901,1.31924,1.31,1.20
2017.12.20 05:50:17.983,1.31901,1.31924,1.12,1.20
2017.12.20 05:50:18.485,1.31901,1.31926,1.12,1.45
2017.12.20 05:50:25.968,1.319,1.31924,1.12,1.07
2017.12.20 05:50:26.670,1.31899,1.31919,2.44,1.00
2017.12.20 05:50:26.774,1.31895,1.31915,1.12,1.10
2017.12.20 05:50:26.916,1.31892,1.31915,1.50,1.10
2017.12.20 05:50:26.967,1.31892,1.31918,1.31,1.45
2017.12.20 05:50:27.070,1.31892,1.31918,1.31,1.07
2017.12.20 05:50:27.333,1.31892,1.31918,1.31,1.45
2017.12.20 05:50:27.875,1.31892,1.31918,1.56,1.07
2017.12.20 05:50:29.501,1.31892,1.31918,1.56,1.07
2017.12.20 05:50:31.144,1.31892,1.31918,1.56,1.20
2017.12.20 05:50:32.539,1.31892,1.31917,1.56,1.10
2017.12.20 05:50:34.050,1.31892,1.31917,1.56,1.07
2017.12.20 05:50:34.732,1.31892,1.31917,1.56,1.10
2017.12.20 05:50:35.552,1.31892,1.31917,1.56,1.07
2017.12.20 05:50:36.383,1.31892,1.31917,1.56,1.10
2017.12.20 05:50:37.094,1.31892,1.31917,1.56,1.07
2017.12.20 05:50:39.076,1.31892,1.31917,1.56,1.10
2017.12.20 05:50:40.524,1.31892,1.31917,1.56,1.20
2017.12.20 05:50:41.185,1.31892,1.31917,1.56,1.10
2017.12.20 05:50:42.708,1.31892,1.31917,1.56,1.20
2017.12.20 05:50:42.789,1.31892,1.31917,1.56,1.10
2017.12.20 05:50:44.216,1.31892,1.31917,1.56,1.20
2017.12.20 05:50:44.966,1.31892,1.31917,1.56,1.07
2017.12.20 05:50:45.726,1.31892,1.31917,1.56,1.20
2017.12.20 05:50:46.290,1.31892,1.31917,1.56,1.20
2017.12.20 05:50:47.252,1.31892,1.31917,1.56,1.20
2017.12.20 05:50:47.798,1.31892,1.31916,1.56,1.00
2017.12.20 05:50:53.249,1.31892,1.31918,2.14,1.00
2017.12.20 05:51:00.587,1.31892,1.31917,1.56,1.00
2017.12.20 05:51:01.179,1.31892,1.31916,1.56,1.00
2017.12.20 05:51:11.740,1.31893,1.31916,1.01,1.00
2017.12.20 05:51:13.301,1.31893,1.31917,1.01,1.00
2017.12.20 05:51:14.774,1.31893,1.3192,1.01,1.00
2017.12.20 05:51:14.826,1.31896,1.31922,1.70,1.50
2017.12.20 05:51:14.930,1.31896,1.31922,1.76,1.00
2017.12.20 05:51:14.983,1.319,1.31926,1.64,1.50
2017.12.20 05:51:15.138,1.31903,1.31927,1.01,1.00
2017.12.20 05:51:15.342,1.31902,1.31927,1.56,1.00
2017.12.20 05:51:15.497,1.319,1.31925,2.06,1.00
2017.12.20 05:51:15.801,1.319,1.31923,1.31,1.00
2017.12.20 05:51:15.853,1.319,1.31925,1.31,1.00
2017.12.20 05:51:24.840,1.319,1.31925,1.19,1.00
2017.12.20 05:51:31.036,1.31901,1.31926,1.25,1.00
2017.12.20 05:51:31.242,1.31901,1.31924,1.25,1.00
2017.12.20 05:51:32.231,1.31901,1.31925,1.25,1.00
2017.12.20 05:51:40.881,1.31896,1.31924,4.95,1.00
2017.12.20 05:52:00.940,1.31896,1.31924,2.14,1.00
2017.12.20 05:52:01.359,1.31896,1.31922,2.81,1.00
2017.12.20 05:52:01.556,1.31891,1.31916,1.87,1.00
2017.12.20 05:52:02.171,1.3189,1.31917,1.76,1.25
2017.12.20 05:52:05.793,1.31891,1.31916,1.01,1.00
2017.12.20 05:52:15.761,1.31896,1.31916,1.00,1.00
2017.12.20 05:52:15.926,1.3189,1.31916,1.57,1.00
2017.12.20 05:52:18.729,1.3189,1.31917,1.57,1.00
2017.12.20 05:52:25.123,1.3189,1.31918,3.26,1.00
2017.12.20 05:52:25.522,1.31895,1.31918,1.00,1.00
2017.12.20 05:52:35.934,1.31895,1.31915,1.00,1.00
2017.12.20 05:52:35.986,1.3189,1.31917,3.64,1.00
2017.12.20 05:52:36.285,1.3189,1.31915,3.64,1.00
2017.12.20 05:52:36.337,1.31891,1.31915,1.12,1.00
2017.12.20 05:52:44.163,1.31891,1.31917,1.19,1.00
2017.12.20 05:52:47.523,1.31891,1.31917,1.00,1.25
2017.12.20 05:52:48.027,1.31891,1.31916,1.00,1.00
2017.12.20 05:52:53.953,1.31891,1.31915,1.00,1.00
2017.12.20 05:53:17.165,1.3189,1.31915,1.31,1.00
2017.12.20 05:53:25.264,1.3189,1.31917,1.87,1.19
2017.12.20 05:53:25.946,1.31891,1.31916,1.10,1.00
2017.12.20 05:53:26.832,1.31891,1.31914,1.10,1.00
2017.12.20 05:53:27.119,1.31891,1.31916,1.00,1.00
2017.12.20 05:53:27.673,1.31891,1.31915,1.00,1.00
2017.12.20 05:53:30.498,1.3189,1.31915,1.25,1.00
2017.12.20 05:53:34.513,1.31891,1.31915,1.00,1.00
2017.12.20 05:53:38.164,1.31891,1.31909,1.00,1.00
2017.12.20 05:53:38.218,1.31886,1.31909,2.25,1.25
2017.12.20 05:53:39.108,1.31886,1.31907,1.00,1.00
2017.12.20 05:53:39.817,1.31883,1.31907,2.25,1.00
2017.12.20 05:53:40.428,1.31884,1.31907,1.00,1.00
2017.12.20 05:53:45.092,1.31886,1.31907,1.00,1.00
2017.12.20 05:53:46.553,1.31884,1.31907,1.00,1.00
2017.12.20 05:53:50.991,1.31883,1.31907,2.25,1.00
2017.12.20 05:53:51.537,1.31884,1.31906,1.00,1.00
2017.12.20 05:53:53.199,1.31881,1.31906,1.50,1.00
2017.12.20 05:54:01.510,1.31881,1.31905,1.50,1.00
2017.12.20 05:54:16.540,1.31881,1.31906,1.50,1.00
2017.12.20 05:54:33.173,1.31881,1.31906,1.12,1.00
2017.12.20 05:54:36.878,1.31882,1.31907,1.00,1.00
2017.12.20 05:54:37.549,1.31881,1.31907,1.00,1.00
2017.12.20 05:54:38.229,1.31882,1.31907,1.00,1.00
2017.12.20 05:54:39.796,1.31881,1.31907,1.00,1.00
2017.12.20 05:54:40.336,1.31881,1.31908,1.00,1.01
2017.12.20 05:54:40.555,1.31881,1.31905,1.00,1.00
2017.12.20 05:54:46.139,1.31879,1.31905,1.50,1.50
2017.12.20 05:54:53.216,1.31879,1.31905,1.87,1.00
2017.12.20 05:55:00.374,1.31879,1.31906,1.12,1.00
2017.12.20 05:55:00.723,1.31879,1.31904,2.06,1.00
2017.12.20 05:55:02.679,1.31879,1.31905,1.31,1.00
2017.12.20 05:55:07.427,1.31879,1.31907,2.06,1.29
2017.12.20 05:55:08.598,1.31879,1.31905,1.69,1.00
2017.12.20 05:55:09.122,1.3188,1.31906,1.10,1.00
2017.12.20 05:55:15.238,1.3188,1.31907,1.00,1.00
2017.12.20 05:55:16.659,1.3188,1.31908,1.00,1.25
2017.12.20 05:55:17.749,1.3188,1.31907,1.00,1.00
2017.12.20 05:55:24.003,1.31881,1.31907,1.00,1.00
2017.12.20 05:55:24.535,1.31881,1.31908,1.50,1.25
2017.12.20 05:55:26.227,1.31881,1.31909,1.10,1.87
2017.12.20 05:55:26.552,1.31882,1.31909,3.07,1.00
2017.12.20 05:55:27.092,1.31883,1.31911,1.12,1.19
2017.12.20 05:55:30.315,1.31882,1.31909,3.26,1.00
2017.12.20 05:55:32.097,1.31886,1.31909,1.00,1.00
2017.12.20 05:55:32.148,1.31883,1.31909,1.12,1.25
2017.12.20 05:55:32.691,1.31882,1.31908,2.32,1.00
2017.12.20 05:55:41.787,1.31882,1.31907,1.50,1.00
2017.12.20 05:55:48.912,1.31881,1.31906,1.00,1.00
2017.12.20 05:55:48.964,1.3188,1.31908,3.07,1.25
2017.12.20 05:55:49.016,1.31881,1.31908,1.66,1.00
2017.12.20 05:55:49.538,1.31885,1.3191,1.00,1.19
2017.12.20 05:55:51.889,1.31884,1.31909,1.00,1.25
2017.12.20 05:55:52.417,1.31885,1.31909,1.00,1.25
2017.12.20 05:55:53.195,1.31884,1.31909,1.00,1.25
2017.12.20 05:55:53.699,1.31884,1.31911,1.29,1.50
2017.12.20 05:55:55.562,1.31884,1.31909,1.29,1.00
2017.12.20 05:55:55.716,1.31884,1.31911,1.29,1.50
2017.12.20 05:55:58.119,1.31884,1.3191,1.26,1.00
2017.12.20 05:55:58.498,1.31883,1.31907,1.26,1.00
2017.12.20 05:55:58.806,1.3188,1.31901,1.25,1.00
2017.12.20 05:55:58.858,1.3188,1.31904,1.25,1.00
2017.12.20 05:56:03.824,1.3188,1.31903,1.25,1.00
2017.12.20 05:56:04.030,1.31877,1.31903,1.69,1.00
2017.12.20 05:56:04.716,1.31877,1.31902,1.25,1.00
2017.12.20 05:56:06.522,1.31877,1.31903,1.25,1.00
2017.12.20 05:56:09.984,1.3188,1.31905,1.25,1.12
2017.12.20 05:56:10.323,1.31881,1.31908,2.32,1.00
2017.12.20 05:56:11.465,1.31881,1.31909,1.57,1.25
2017.12.20 05:56:12.001,1.31881,1.3191,3.26,1.50
2017.12.20 05:56:12.599,1.31881,1.3191,3.07,1.69
2017.12.20 05:56:13.184,1.31881,1.31908,1.50,1.00
2017.12.20 05:56:13.731,1.31881,1.31908,2.25,1.19
2017.12.20 05:56:21.302,1.31881,1.31906,1.57,1.00
2017.12.20 05:56:25.967,1.31881,1.31906,1.95,1.00
2017.12.20 05:56:26.694,1.31881,1.31908,1.07,1.19
2017.12.20 05:56:26.848,1.3188,1.31904,1.00,1.00
2017.12.20 05:56:26.951,1.31878,1.31903,1.10,1.00
2017.12.20 05:56:27.003,1.31881,1.31903,1.00,1.00
2017.12.20 05:56:27.055,1.31878,1.31903,1.00,1.31
2017.12.20 05:56:27.107,1.31878,1.31903,1.25,1.00
2017.12.20 05:56:27.254,1.31876,1.31899,1.19,1.00
2017.12.20 05:56:27.777,1.31876,1.319,1.00,1.00
2017.12.20 05:56:28.260,1.31879,1.31905,1.25,1.57
2017.12.20 05:56:28.312,1.31879,1.31907,1.25,2.51
2017.12.20 05:56:28.544,1.31879,1.31907,1.26,1.00
2017.12.20 05:56:29.348,1.3188,1.31907,1.26,1.00
2017.12.20 05:56:30.070,1.31879,1.31907,1.64,1.00
2017.12.20 05:56:31.809,1.31883,1.31908,1.25,1.00
2017.12.20 05:56:33.560,1.31883,1.31909,1.25,1.00
2017.12.20 05:56:35.198,1.31883,1.31908,1.25,1.00
2017.12.20 05:56:36.789,1.31883,1.31909,1.25,1.00
2017.12.20 05:56:37.333,1.31883,1.31911,1.25,2.44
2017.12.20 05:56:38.173,1.31885,1.31911,1.00,1.69
2017.12.20 05:56:38.748,1.31885,1.31909,1.00,1.00
2017.12.20 05:56:41.678,1.31887,1.31913,1.20,1.31
2017.12.20 05:56:41.782,1.31892,1.31917,1.00,1.00
2017.12.20 05:56:41.908,1.31892,1.31922,1.50,2.51
2017.12.20 05:56:42.629,1.31892,1.31922,1.57,1.76
2017.12.20 05:56:51.073,1.31892,1.31919,2.32,1.31
2017.12.20 05:56:51.577,1.31892,1.31919,2.32,1.31
2017.12.20 05:56:52.736,1.31892,1.31915,2.32,1.00
2017.12.20 05:56:53.238,1.31892,1.31914,1.00,1.00
2017.12.20 05:56:53.433,1.31892,1.31917,1.00,1.25
2017.12.20 05:57:02.766,1.31892,1.31913,1.00,1.00
2017.12.20 05:57:02.818,1.31889,1.31912,2.81,1.00
2017.12.20 05:57:02.870,1.31885,1.31912,1.50,1.64
2017.12.20 05:57:04.613,1.31885,1.31911,1.00,1.19
2017.12.20 05:57:05.513,1.31887,1.31913,1.00,1.31
2017.12.20 05:57:06.168,1.31887,1.31913,1.00,1.19
2017.12.20 05:57:14.256,1.31887,1.31911,1.00,1.19
2017.12.20 05:57:16.534,1.31887,1.31911,1.25,1.10
2017.12.20 05:57:17.069,1.31887,1.31912,1.25,1.00
2017.12.20 05:57:19.317,1.31887,1.31914,1.25,1.25
2017.12.20 05:57:19.419,1.31887,1.31912,1.25,1.00
2017.12.20 05:57:19.955,1.31887,1.31911,1.00,1.25
2017.12.20 05:57:20.006,1.31885,1.31911,1.00,1.25
2017.12.20 05:57:21.435,1.31885,1.3191,1.00,1.00
2017.12.20 05:57:23.392,1.31885,1.31911,1.00,1.25
2017.12.20 05:57:24.561,1.31885,1.31911,1.00,1.31
2017.12.20 05:57:25.623,1.31885,1.31911,1.00,1.19
2017.12.20 05:57:26.720,1.31885,1.31909,1.00,1.00
2017.12.20 05:57:27.165,1.31885,1.31908,1.00,1.19
2017.12.20 05:57:30.170,1.31885,1.31909,1.00,1.25
2017.12.20 05:57:30.816,1.31885,1.31912,1.07,1.75
2017.12.20 05:57:36.983,1.31885,1.31911,1.00,1.50
2017.12.20 05:57:45.772,1.31886,1.31909,1.00,1.19
2017.12.20 05:57:46.343,1.31885,1.31909,1.10,1.19
2017.12.20 05:58:14.239,1.31885,1.31909,1.00,1.00
2017.12.20 05:58:18.130,1.31885,1.31908,1.00,1.12
2017.12.20 05:58:18.182,1.31885,1.31905,1.00,1.00
2017.12.20 05:58:18.235,1.31878,1.31901,1.07,1.25
2017.12.20 05:58:18.594,1.31878,1.31899,1.00,1.00
2017.12.20 05:58:19.438,1.31878,1.319,1.00,1.00
2017.12.20 05:58:19.746,1.31878,1.31903,1.66,1.00
2017.12.20 05:58:20.540,1.31879,1.31902,1.56,1.00
2017.12.20 05:58:21.137,1.31879,1.31904,1.66,1.00
2017.12.20 05:58:28.459,1.31879,1.31904,1.66,1.00
2017.12.20 05:58:28.510,1.31881,1.31906,1.87,1.00
2017.12.20 05:58:28.562,1.31882,1.31909,2.06,1.10
2017.12.20 05:58:28.665,1.31885,1.31911,1.19,1.00
2017.12.20 05:58:30.496,1.31886,1.31911,1.10,1.00
2017.12.20 05:58:31.053,1.31885,1.31911,2.51,1.00
2017.12.20 05:58:31.565,1.31886,1.31911,1.00,1.00
2017.12.20 05:58:47.127,1.31886,1.31909,1.00,1.00
2017.12.20 05:58:48.435,1.31886,1.3191,1.00,1.00
2017.12.20 05:58:51.180,1.31886,1.31912,1.00,1.25
2017.12.20 05:58:52.527,1.31885,1.31912,1.57,1.75
2017.12.20 05:58:52.683,1.31878,1.31903,1.00,1.25
2017.12.20 05:58:52.735,1.31878,1.31901,1.00,1.00
2017.12.20 05:58:54.578,1.31877,1.31901,1.00,1.25
2017.12.20 05:58:54.886,1.31877,1.31903,1.07,1.75
2017.12.20 05:58:55.207,1.31881,1.31903,1.00,1.75
2017.12.20 05:58:56.134,1.31881,1.31904,1.00,1.75
2017.12.20 05:58:56.637,1.31881,1.31904,1.00,1.12
2017.12.20 05:58:56.866,1.31876,1.31904,1.57,1.12
2017.12.20 05:58:57.407,1.31876,1.31905,1.20,1.87
2017.12.20 05:58:57.831,1.31876,1.31905,1.12,1.95
2017.12.20 05:58:59.706,1.31875,1.31905,1.95,2.62
2017.12.20 05:59:11.358,1.31877,1.31905,1.07,2.06
2017.12.20 05:59:11.901,1.31879,1.31907,1.20,1.56
2017.12.20 05:59:12.382,1.31879,1.31907,3.07,1.56
2017.12.20 05:59:12.434,1.3188,1.31906,1.76,1.00
2017.12.20 05:59:12.969,1.31883,1.31907,1.00,1.00
2017.12.20 05:59:13.493,1.31883,1.31907,1.07,1.00
2017.12.20 05:59:14.988,1.31882,1.31907,1.32,1.00
2017.12.20 05:59:20.206,1.31883,1.31906,1.00,1.00
2017.12.20 05:59:20.766,1.31881,1.31906,1.39,1.00
2017.12.20 05:59:21.404,1.31881,1.31906,1.39,1.00
2017.12.20 05:59:21.675,1.31881,1.31904,1.39,1.00
2017.12.20 05:59:22.560,1.3188,1.31903,1.29,1.00
2017.12.20 05:59:22.871,1.31879,1.31906,1.00,1.20
2017.12.20 05:59:23.179,1.31873,1.31903,2.14,1.31
2017.12.20 05:59:23.361,1.31874,1.31903,1.32,1.31
2017.12.20 05:59:23.463,1.31874,1.31903,1.76,1.31
2017.12.20 05:59:23.998,1.31874,1.31903,2.51,1.19
2017.12.20 05:59:24.581,1.31877,1.31904,1.00,2.06
2017.12.20 05:59:25.782,1.31877,1.31907,1.07,1.39
2017.12.20 05:59:26.323,1.31877,1.31907,1.07,1.66
2017.12.20 05:59:27.340,1.31877,1.31902,1.07,1.00
2017.12.20 05:59:27.909,1.31877,1.31907,1.00,2.14
2017.12.20 05:59:28.238,1.31877,1.319,1.00,1.00
2017.12.20 05:59:29.108,1.31877,1.31899,1.00,1.00
2017.12.20 05:59:29.872,1.31877,1.31901,1.00,1.00
2017.12.20 05:59:30.276,1.31877,1.31903,1.00,1.25
2017.12.20 05:59:32.367,1.31877,1.31901,1.00,1.00
2017.12.20 05:59:32.571,1.31877,1.31903,1.00,1.25
2017.12.20 05:59:32.689,1.31877,1.31901,1.00,1.19
2017.12.20 05:59:34.386,1.31877,1.319,1.00,1.56
2017.12.20 05:59:36.132,1.31877,1.319,1.00,1.00
2017.12.20 05:59:36.228,1.31877,1.31902,1.00,1.01
2017.12.20 05:59:43.084,1.31877,1.31901,1.00,1.00
2017.12.20 05:59:47.225,1.31877,1.31904,1.00,1.32
2017.12.20 05:59:51.854,1.31877,1.31904,1.00,1.32
2017.12.20 05:59:52.008,1.31874,1.31904,2.06,1.32
2017.12.20 05:59:52.060,1.31874,1.31904,3.00,1.57
2017.12.20 05:59:52.218,1.31877,1.31907,2.81,1.32
2017.12.20 05:59:52.424,1.31877,1.31907,2.06,1.01
2017.12.20 05:59:53.182,1.31877,1.31907,2.89,1.00
2017.12.20 05:59:53.465,1.31881,1.31906,1.25,1.37
2017.12.20 05:59:55.850,1.31876,1.31904,1.95,1.00
2017.12.20 05:59:56.535,1.31876,1.31906,1.87,1.95
2017.12.20 05:59:58.861,1.31876,1.31906,1.26,1.39
2017.12.20 05:59:58.965,1.31876,1.31902,1.00,1.87
2017.12.20 05:59:59.152,1.31872,1.31901,1.00,1.76
2017.12.20 05:59:59.204,1.31872,1.31901,1.25,1.20
2017.12.20 05:59:59.939,1.31872,1.31902,1.01,1.76
