2012.03.30 07:00:00.198,1.4444,1.4447,2.25,2.25
2012.03.30 07:00:00.766,1.44438,1.44467,1.50,2.25
2012.03.30 07:00:01.026,1.44436,1.44464,1.50,2.25
2012.03.30 07:00:01.536,1.44437,1.44464,1.50,1.50
2012.03.30 07:00:01.612,1.44437,1.44464,1.50,1.50
2012.03.30 07:00:01.689,1.44435,1.44464,1.50,1.50
2012.03.30 07:00:02.266,1.44434,1.44462,2.25,2.25
2012.03.30 07:00:02.458,1.44432,1.44462,2.25,2.25
2012.03.30 07:00:02.553,1.44437,1.44466,1.50,3.75
2012.03.30 07:00:02.851,1.44439,1.44467,1.50,2.25
2012.03.30 07:00:02.931,1.44439,1.44467,1.50,2.25
2012.03.30 07:00:03.010,1.44439,1.44467,1.50,2.25
2012.03.30 07:00:03.546,1.44444,1.4447,1.50,2.25
2012.03.30 07:00:03.657,1.4444,1.44471,1.50,2.25
2012.03.30 07:00:03.735,1.4444,1.44471,2.25,2.25
2012.03.30 07:00:04.584,1.4444,1.44471,3.00,2.25
2012.03.30 07:00:05.247,1.44443,1.44474,1.50,2.25
2012.03.30 07:00:05.330,1.44443,1.44474,2.25,2.25
2012.03.30 07:00:07.223,1.44443,1.44474,2.25,2.25
2012.03.30 07:00:07.505,1.44443,1.44474,2.25,2.25
2012.03.30 07:00:07.718,1.44447,1.44474,1.50,1.50
2012.03.30 07:00:08.074,1.44452,1.44477,1.50,1.50
2012.03.30 07:00:08.972,1.44452,1.44479,2.25,5.63
2012.03.30 07:00:09.415,1.44452,1.44479,2.25,1.13
2012.03.30 07:00:10.356,1.44452,1.4448,2.25,2.25
2012.03.30 07:00:10.969,1.44446,1.44475,1.50,2.25
2012.03.30 07:00:11.128,1.44448,1.44477,2.25,2.25
2012.03.30 07:00:11.683,1.44446,1.44474,1.50,1.50
2012.03.30 07:00:12.200,1.44449,1.44477,2.25,2.25
2012.03.30 07:00:12.285,1.44446,1.44474,2.44,1.50
2012.03.30 07:00:12.937,1.44446,1.44475,3.19,2.25
2012.03.30 07:00:13.042,1.44454,1.44482,1.50,1.50
2012.03.30 07:00:13.174,1.44451,1.44482,2.25,3.00
2012.03.30 07:00:13.546,1.44451,1.44477,1.50,1.50
2012.03.30 07:00:13.689,1.44457,1.44479,1.50,1.43
2012.03.30 07:00:13.830,1.44453,1.44478,2.25,1.13
2012.03.30 07:00:14.336,1.44444,1.44471,2.25,4.69
2012.03.30 07:00:14.440,1.44439,1.4447,2.25,2.25
2012.03.30 07:00:14.786,1.44439,1.4447,2.25,2.25
2012.03.30 07:00:15.326,1.44444,1.44471,2.25,4.50
2012.03.30 07:00:17.143,1.44444,1.44469,1.50,4.43
2012.03.30 07:00:17.847,1.44442,1.44469,1.50,5.18
2012.03.30 07:00:17.942,1.44442,1.44462,1.50,1.50
2012.03.30 07:00:18.158,1.44442,1.44464,1.50,1.50
2012.03.30 07:00:19.609,1.44441,1.44468,1.50,2.44
2012.03.30 07:00:19.868,1.44441,1.44468,1.50,2.44
2012.03.30 07:00:20.036,1.4444,1.44466,1.50,2.25
2012.03.30 07:00:20.399,1.4444,1.44464,1.50,1.50
2012.03.30 07:00:20.683,1.44438,1.44466,1.50,2.25
2012.03.30 07:00:21.817,1.44436,1.44467,3.00,2.25
2012.03.30 07:00:22.098,1.44436,1.44462,1.50,1.50
2012.03.30 07:00:22.598,1.44436,1.44463,1.50,1.50
2012.03.30 07:00:23.204,1.44436,1.44463,1.50,1.50
2012.03.30 07:00:23.297,1.44435,1.44462,1.50,1.50
2012.03.30 07:00:25.644,1.44432,1.44459,1.50,2.25
2012.03.30 07:00:25.987,1.44432,1.44457,1.50,1.50
2012.03.30 07:00:26.486,1.44431,1.44459,3.00,2.25
2012.03.30 07:00:26.629,1.44431,1.44457,1.69,1.50
2012.03.30 07:00:27.277,1.44463,1.44469,4.50,1.43
2012.03.30 07:00:27.371,1.44436,1.44465,2.25,4.05
2012.03.30 07:00:27.454,1.44436,1.44465,2.25,3.68
2012.03.30 07:00:28.318,1.44437,1.44463,1.16,1.50
2012.03.30 07:00:28.394,1.44435,1.44463,1.50,2.25
2012.03.30 07:00:29.943,1.44433,1.4446,1.50,1.50
2012.03.30 07:00:30.510,1.44433,1.4446,1.50,2.25
2012.03.30 07:00:31.461,1.44433,1.4446,3.00,1.50
2012.03.30 07:00:31.542,1.44433,1.44463,3.00,2.25
2012.03.30 07:00:33.054,1.44434,1.44463,2.25,3.00
2012.03.30 07:00:36.099,1.44434,1.44459,1.50,2.25
2012.03.30 07:00:36.461,1.44438,1.44462,2.25,1.50
2012.03.30 07:00:36.607,1.44438,1.44462,3.00,1.50
2012.03.30 07:00:36.690,1.4444,1.44462,1.50,1.50
2012.03.30 07:00:37.265,1.44432,1.44462,1.13,3.00
2012.03.30 07:00:38.127,1.44443,1.44461,1.50,2.25
2012.03.30 07:00:38.493,1.44451,1.4447,1.13,1.50
2012.03.30 07:00:38.714,1.4444,1.44466,1.53,1.50
2012.03.30 07:00:38.791,1.44439,1.44466,1.50,1.50
2012.03.30 07:00:39.354,1.4444,1.44462,1.13,3.00
2012.03.30 07:00:39.578,1.4444,1.44464,1.13,1.50
2012.03.30 07:00:40.109,1.44438,1.44463,1.13,1.50
2012.03.30 07:00:41.657,1.44436,1.44459,1.13,1.50
2012.03.30 07:00:41.971,1.44441,1.44463,1.16,1.50
2012.03.30 07:00:42.054,1.44437,1.44463,2.25,3.00
2012.03.30 07:00:42.203,1.44435,1.44459,1.50,2.25
2012.03.30 07:00:42.282,1.44434,1.44457,1.13,1.50
2012.03.30 07:00:42.639,1.4443,1.44454,1.50,2.25
2012.03.30 07:00:43.453,1.44431,1.44454,1.50,2.25
2012.03.30 07:00:43.529,1.44431,1.44454,1.50,2.25
2012.03.30 07:00:43.837,1.44431,1.44454,1.50,2.25
2012.03.30 07:00:44.567,1.44431,1.44457,1.50,2.25
2012.03.30 07:00:46.434,1.44432,1.4446,1.50,2.44
2012.03.30 07:00:47.137,1.4443,1.44458,1.50,2.25
2012.03.30 07:00:47.653,1.44429,1.44458,2.25,2.25
2012.03.30 07:00:48.640,1.44428,1.44456,2.25,2.25
2012.03.30 07:00:48.864,1.44429,1.44452,1.50,1.50
2012.03.30 07:00:48.949,1.44429,1.44458,1.50,3.68
2012.03.30 07:00:49.503,1.4443,1.44456,1.50,2.25
2012.03.30 07:00:50.038,1.4443,1.44456,1.50,2.25
2012.03.30 07:00:50.477,1.44429,1.44453,1.50,1.50
2012.03.30 07:00:51.220,1.44427,1.44452,2.25,1.50
2012.03.30 07:00:52.501,1.44427,1.44452,2.25,1.50
2012.03.30 07:00:53.323,1.44428,1.44452,1.69,1.50
2012.03.30 07:00:53.828,1.44426,1.44452,1.50,1.50
2012.03.30 07:00:54.197,1.44433,1.44457,5.44,2.25
2012.03.30 07:00:54.961,1.44433,1.44459,4.50,1.13
2012.03.30 07:00:55.662,1.44433,1.44456,4.50,2.25
2012.03.30 07:00:56.014,1.44433,1.44451,4.50,1.50
2012.03.30 07:00:56.664,1.44426,1.44451,2.25,2.25
2012.03.30 07:00:56.777,1.44426,1.44451,2.25,1.50
2012.03.30 07:00:57.249,1.44424,1.44449,1.50,2.25
2012.03.30 07:00:59.269,1.44423,1.44452,1.50,3.87
2012.03.30 07:00:59.417,1.44423,1.44448,1.50,1.50
2012.03.30 07:01:00.008,1.44424,1.44448,1.13,1.50
2012.03.30 07:01:00.095,1.44427,1.44452,1.50,1.43
2012.03.30 07:01:00.805,1.44429,1.44453,1.50,1.20
2012.03.30 07:01:00.896,1.44425,1.4445,1.50,1.50
2012.03.30 07:01:00.966,1.44425,1.44447,1.50,1.50
2012.03.30 07:01:01.174,1.44425,1.44451,1.50,2.25
2012.03.30 07:01:02.368,1.44423,1.44448,1.50,1.50
2012.03.30 07:01:03.009,1.44426,1.44441,1.50,1.50
2012.03.30 07:01:03.104,1.44427,1.44451,1.50,2.33
2012.03.30 07:01:03.179,1.44428,1.44453,1.50,3.08
2012.03.30 07:01:03.348,1.44429,1.44453,1.13,2.63
2012.03.30 07:01:03.493,1.44428,1.44452,1.50,1.13
2012.03.30 07:01:03.568,1.44428,1.44453,1.50,3.38
2012.03.30 07:01:03.647,1.44427,1.44452,1.50,1.13
2012.03.30 07:01:03.875,1.44424,1.44448,1.50,2.25
2012.03.30 07:01:04.420,1.44424,1.44446,1.50,1.50
2012.03.30 07:01:04.968,1.44423,1.44446,1.50,1.50
2012.03.30 07:01:05.294,1.44423,1.44447,1.50,1.50
2012.03.30 07:01:06.209,1.44423,1.44448,1.69,1.50
2012.03.30 07:01:06.302,1.44424,1.44449,1.50,1.13
2012.03.30 07:01:06.817,1.44424,1.44448,1.50,1.50
2012.03.30 07:01:07.082,1.44423,1.44451,1.50,2.25
2012.03.30 07:01:07.828,1.44423,1.44451,1.88,2.25
2012.03.30 07:01:08.850,1.44423,1.44445,1.88,1.50
2012.03.30 07:01:09.077,1.44417,1.44445,2.44,2.25
2012.03.30 07:01:09.708,1.44417,1.44444,2.44,1.50
2012.03.30 07:01:09.803,1.44423,1.44444,1.13,1.50
2012.03.30 07:01:10.318,1.44422,1.44446,2.25,4.50
2012.03.30 07:01:11.139,1.44421,1.44446,1.13,4.50
2012.03.30 07:01:11.582,1.44421,1.44446,1.13,4.50
2012.03.30 07:01:12.123,1.44419,1.44446,1.13,6.00
2012.03.30 07:01:12.783,1.44418,1.44446,3.19,4.50
2012.03.30 07:01:13.066,1.44418,1.44446,3.19,4.50
2012.03.30 07:01:13.781,1.44418,1.44446,3.00,4.50
2012.03.30 07:01:14.994,1.44419,1.44446,2.63,4.50
2012.03.30 07:01:15.784,1.44419,1.44444,2.63,2.18
2012.03.30 07:01:16.517,1.4442,1.44445,1.69,1.13
2012.03.30 07:01:17.538,1.44419,1.44443,1.13,1.13
2012.03.30 07:01:17.622,1.44418,1.44443,2.25,1.13
2012.03.30 07:01:18.186,1.44413,1.44441,2.25,1.50
2012.03.30 07:01:18.993,1.44414,1.44442,2.63,2.55
2012.03.30 07:01:19.080,1.44414,1.44442,2.63,1.13
2012.03.30 07:01:19.438,1.44418,1.44442,1.69,1.13
2012.03.30 07:01:20.005,1.44417,1.44442,1.13,1.50
2012.03.30 07:01:20.143,1.44415,1.44442,3.19,1.50
2012.03.30 07:01:20.230,1.44415,1.44441,3.19,1.13
2012.03.30 07:01:20.659,1.44414,1.44442,2.63,1.13
2012.03.30 07:01:21.759,1.44415,1.44442,1.13,1.13
2012.03.30 07:01:22.278,1.44417,1.44439,1.50,2.93
2012.03.30 07:01:22.423,1.44414,1.44439,1.50,2.93
2012.03.30 07:01:22.635,1.44413,1.4444,2.44,1.13
2012.03.30 07:01:22.893,1.44413,1.44441,2.44,1.13
2012.03.30 07:01:24.200,1.44413,1.44441,2.25,1.13
2012.03.30 07:01:24.706,1.44413,1.44442,2.25,2.63
2012.03.30 07:01:24.849,1.44413,1.4444,2.25,1.50
2012.03.30 07:01:25.058,1.44413,1.44442,2.25,3.00
2012.03.30 07:01:25.823,1.44414,1.44442,1.13,2.25
2012.03.30 07:01:26.189,1.44414,1.44442,1.13,3.00
2012.03.30 07:01:26.716,1.44415,1.44442,2.44,1.13
2012.03.30 07:01:27.526,1.44415,1.44442,2.25,1.13
2012.03.30 07:01:27.831,1.44416,1.44442,2.25,1.13
2012.03.30 07:01:29.276,1.44422,1.44444,1.50,1.88
2012.03.30 07:01:29.823,1.4442,1.44444,2.25,1.88
2012.03.30 07:01:30.356,1.4442,1.44443,2.25,1.13
2012.03.30 07:01:30.843,1.4442,1.44446,2.44,5.25
2012.03.30 07:01:33.993,1.44422,1.44446,2.25,4.50
2012.03.30 07:01:34.700,1.44422,1.44446,1.13,4.50
2012.03.30 07:01:36.103,1.44425,1.44446,1.50,5.25
2012.03.30 07:01:38.006,1.44425,1.44446,2.25,4.50
2012.03.30 07:01:38.148,1.44428,1.44446,1.50,4.50
2012.03.30 07:01:38.478,1.44426,1.44446,2.25,4.50
2012.03.30 07:01:40.044,1.44426,1.4445,2.25,1.10
2012.03.30 07:01:40.140,1.44434,1.44458,1.50,2.23
2012.03.30 07:01:40.375,1.44434,1.44458,3.00,1.88
2012.03.30 07:01:40.537,1.44434,1.44458,2.25,1.88
2012.03.30 07:01:40.626,1.44436,1.44458,2.25,1.88
2012.03.30 07:01:40.853,1.44439,1.4446,2.25,4.50
2012.03.30 07:01:41.003,1.44442,1.4446,1.50,4.50
2012.03.30 07:01:41.733,1.44439,1.4446,2.25,4.50
2012.03.30 07:01:42.255,1.44439,1.44466,2.25,1.10
2012.03.30 07:01:42.466,1.44442,1.44467,2.25,1.13
2012.03.30 07:01:43.026,1.44442,1.44463,2.25,1.43
2012.03.30 07:01:43.377,1.44443,1.44467,1.50,1.13
2012.03.30 07:01:43.806,1.4444,1.44467,2.25,1.13
2012.03.30 07:01:44.370,1.44442,1.44467,1.50,1.13
2012.03.30 07:01:45.701,1.44442,1.4447,2.25,1.50
2012.03.30 07:01:45.780,1.44446,1.4447,1.50,1.50
2012.03.30 07:01:45.927,1.44443,1.4447,2.25,1.50
2012.03.30 07:01:47.126,1.44443,1.4447,2.25,2.25
2012.03.30 07:01:47.429,1.4444,1.44466,2.25,1.13
2012.03.30 07:01:47.742,1.44436,1.44458,2.25,4.50
2012.03.30 07:01:48.276,1.44433,1.44458,2.63,4.50
2012.03.30 07:01:48.497,1.44437,1.44462,1.50,2.60
2012.03.30 07:01:49.000,1.44437,1.44463,2.07,2.25
2012.03.30 07:01:49.077,1.44436,1.44463,1.69,2.25
2012.03.30 07:01:49.836,1.44435,1.4446,1.13,4.50
2012.03.30 07:01:50.333,1.44435,1.4446,2.25,5.25
2012.03.30 07:01:51.348,1.44437,1.4446,1.50,5.25
2012.03.30 07:01:51.918,1.44433,1.4446,1.88,5.25
2012.03.30 07:01:52.591,1.44433,1.44459,1.50,2.25
2012.03.30 07:01:53.018,1.44433,1.44458,1.50,1.50
2012.03.30 07:01:55.607,1.44432,1.44456,1.50,3.00
2012.03.30 07:01:56.112,1.44429,1.44454,1.50,3.00
2012.03.30 07:01:56.277,1.44426,1.44452,1.88,1.50
2012.03.30 07:01:58.507,1.44425,1.44446,2.63,4.50
2012.03.30 07:01:58.596,1.44424,1.44445,1.50,1.13
2012.03.30 07:01:59.072,1.44418,1.44441,1.50,2.18
2012.03.30 07:01:59.165,1.44417,1.44442,1.69,1.13
2012.03.30 07:01:59.250,1.44417,1.44441,1.50,1.50
2012.03.30 07:01:59.442,1.44417,1.44443,3.00,1.88
2012.03.30 07:01:59.987,1.44419,1.44444,1.50,2.25
2012.03.30 07:02:01.821,1.44416,1.44443,1.69,1.50
2012.03.30 07:02:02.466,1.44416,1.44441,1.50,2.93
2012.03.30 07:02:02.762,1.4441,1.44433,1.50,1.50
2012.03.30 07:02:03.699,1.44409,1.44432,1.32,4.50
2012.03.30 07:02:04.292,1.44408,1.44429,2.44,1.50
2012.03.30 07:02:04.376,1.44408,1.44431,1.69,1.50
2012.03.30 07:02:04.932,1.44408,1.44432,2.25,1.13
2012.03.30 07:02:06.655,1.44408,1.44432,4.50,1.13
2012.03.30 07:02:06.742,1.44406,1.44432,7.50,1.13
2012.03.30 07:02:07.026,1.44407,1.44433,1.50,1.13
2012.03.30 07:02:07.187,1.44406,1.44432,1.50,5.07
2012.03.30 07:02:07.771,1.44406,1.4443,1.50,1.50
2012.03.30 07:02:08.318,1.44408,1.44429,1.50,2.18
2012.03.30 07:02:08.413,1.44402,1.44429,1.50,2.18
2012.03.30 07:02:08.923,1.444,1.44425,1.50,2.74
2012.03.30 07:02:09.142,1.44403,1.44429,1.50,1.13
2012.03.30 07:02:09.774,1.44408,1.44431,3.19,1.50
2012.03.30 07:02:10.004,1.4441,1.44435,3.00,1.43
2012.03.30 07:02:10.149,1.4441,1.44437,3.00,1.43
2012.03.30 07:02:10.684,1.44414,1.44438,2.25,1.13
2012.03.30 07:02:11.497,1.44414,1.44442,2.44,3.00
2012.03.30 07:02:11.708,1.44416,1.44441,1.50,1.88
2012.03.30 07:02:11.876,1.44414,1.44438,1.50,2.93
2012.03.30 07:02:11.958,1.44414,1.44438,1.50,2.93
2012.03.30 07:02:12.053,1.4441,1.44436,3.00,2.18
2012.03.30 07:02:13.192,1.44408,1.44432,1.88,2.18
2012.03.30 07:02:15.467,1.44408,1.44435,1.50,2.18
2012.03.30 07:02:19.079,1.44408,1.44434,1.50,2.55
2012.03.30 07:02:19.945,1.44408,1.44431,1.13,4.50
2012.03.30 07:02:20.086,1.44403,1.44431,1.50,6.38
2012.03.30 07:02:20.296,1.44403,1.4443,1.50,2.18
2012.03.30 07:02:20.641,1.44403,1.4443,1.50,2.18
2012.03.30 07:02:20.717,1.44403,1.4443,1.50,2.18
2012.03.30 07:02:21.150,1.44403,1.44431,1.50,6.38
2012.03.30 07:02:21.236,1.44403,1.44428,1.50,2.18
2012.03.30 07:02:21.913,1.44403,1.44428,1.50,1.50
2012.03.30 07:02:22.501,1.44403,1.44429,1.50,1.50
2012.03.30 07:02:23.449,1.44403,1.44431,3.19,4.88
2012.03.30 07:02:24.059,1.44406,1.44431,1.69,4.88
2012.03.30 07:02:24.231,1.44415,1.44438,1.50,1.10
2012.03.30 07:02:24.677,1.44412,1.44438,1.50,1.10
2012.03.30 07:02:24.766,1.44412,1.44441,1.50,1.50
2012.03.30 07:02:25.571,1.44412,1.44442,3.00,2.63
2012.03.30 07:02:26.926,1.44411,1.44439,1.50,3.00
2012.03.30 07:02:26.997,1.44411,1.44436,1.50,1.50
2012.03.30 07:02:27.557,1.4441,1.44438,3.00,2.25
2012.03.30 07:02:28.540,1.44412,1.44437,1.50,1.13
2012.03.30 07:02:28.878,1.44412,1.44438,1.50,2.44
2012.03.30 07:02:31.153,1.44412,1.44435,1.50,1.50
2012.03.30 07:02:31.236,1.44412,1.44438,1.50,1.50
2012.03.30 07:02:31.306,1.44412,1.44438,1.50,1.50
2012.03.30 07:02:31.846,1.44412,1.44441,3.00,2.25
2012.03.30 07:02:34.105,1.44413,1.44439,1.50,2.25
2012.03.30 07:02:34.261,1.44415,1.44442,1.50,2.82
2012.03.30 07:02:34.414,1.44416,1.44443,1.50,1.13
2012.03.30 07:02:34.973,1.44416,1.44443,1.50,1.88
2012.03.30 07:02:35.734,1.44416,1.4444,1.50,1.50
2012.03.30 07:02:35.957,1.44417,1.44443,1.50,1.13
2012.03.30 07:02:36.224,1.44417,1.44441,1.50,1.50
2012.03.30 07:02:36.435,1.44417,1.44443,1.50,1.88
2012.03.30 07:02:37.163,1.44417,1.44443,1.50,2.07
2012.03.30 07:02:37.698,1.44417,1.44443,1.50,2.82
2012.03.30 07:02:38.049,1.44417,1.44441,1.50,1.13
2012.03.30 07:02:38.566,1.44412,1.44432,2.25,2.55
2012.03.30 07:02:38.651,1.44405,1.44432,1.91,3.38
2012.03.30 07:02:39.166,1.44406,1.4443,2.25,2.55
2012.03.30 07:02:39.724,1.44403,1.4443,2.25,2.55
2012.03.30 07:02:40.182,1.44403,1.4443,2.25,1.43
2012.03.30 07:02:41.775,1.44403,1.44432,3.00,1.88
2012.03.30 07:02:42.140,1.44403,1.44431,3.00,1.50
2012.03.30 07:02:43.337,1.44403,1.44431,2.25,1.88
2012.03.30 07:02:43.554,1.44401,1.44429,1.50,2.44
2012.03.30 07:02:43.770,1.44403,1.44429,2.25,1.13
2012.03.30 07:02:44.489,1.44403,1.44431,2.25,5.18
2012.03.30 07:02:44.828,1.44403,1.44431,2.25,4.43
2012.03.30 07:02:45.178,1.44407,1.44431,1.50,1.50
2012.03.30 07:02:45.691,1.44409,1.44433,2.25,4.88
2012.03.30 07:02:45.783,1.44409,1.44433,2.25,4.88
2012.03.30 07:02:45.866,1.44412,1.44438,2.25,3.00
2012.03.30 07:02:45.944,1.44412,1.44438,2.25,2.25
2012.03.30 07:02:46.634,1.44416,1.44444,3.00,2.63
2012.03.30 07:02:47.569,1.44416,1.44444,2.25,2.82
2012.03.30 07:02:48.022,1.44412,1.44443,4.69,2.25
2012.03.30 07:02:48.670,1.44412,1.44443,3.00,2.25
2012.03.30 07:02:49.814,1.44421,1.44445,1.50,1.50
2012.03.30 07:02:50.121,1.44425,1.4445,1.50,2.18
2012.03.30 07:02:51.024,1.44425,1.44451,1.50,1.50
2012.03.30 07:02:51.379,1.44427,1.44455,1.50,2.25
2012.03.30 07:02:51.908,1.44429,1.44453,1.50,1.13
2012.03.30 07:02:52.407,1.44425,1.44452,1.50,1.13
2012.03.30 07:02:52.677,1.44425,1.44452,1.50,1.13
2012.03.30 07:02:53.886,1.44423,1.44452,6.75,2.63
2012.03.30 07:02:54.232,1.44423,1.44446,5.25,1.50
2012.03.30 07:02:54.777,1.44423,1.44446,4.50,2.25
2012.03.30 07:02:55.848,1.44422,1.44446,1.88,1.50
2012.03.30 07:02:55.952,1.44432,1.44453,1.50,1.50
2012.03.30 07:02:56.254,1.44434,1.44458,1.50,4.50
2012.03.30 07:02:56.482,1.44432,1.44458,2.25,4.50
2012.03.30 07:02:57.038,1.44434,1.44458,1.50,4.50
2012.03.30 07:02:57.123,1.44435,1.44458,1.50,4.50
2012.03.30 07:02:57.686,1.44433,1.44458,2.25,4.50
2012.03.30 07:02:57.898,1.44429,1.44457,2.25,3.12
2012.03.30 07:02:58.048,1.44432,1.44458,1.50,6.00
2012.03.30 07:02:58.868,1.44435,1.44458,1.50,4.50
2012.03.30 07:02:58.960,1.44432,1.44458,3.00,4.50
2012.03.30 07:02:59.126,1.44431,1.44453,2.25,1.50
2012.03.30 07:02:59.274,1.44426,1.44454,1.50,1.69
2012.03.30 07:02:59.557,1.44427,1.44457,2.25,1.69
2012.03.30 07:03:01.228,1.44432,1.44458,2.25,4.50
2012.03.30 07:03:01.696,1.44436,1.44456,1.50,1.88
2012.03.30 07:03:02.251,1.44422,1.44448,1.50,1.69
2012.03.30 07:03:02.783,1.44422,1.44448,1.50,2.25
2012.03.30 07:03:03.171,1.44421,1.44447,1.13,2.25
2012.03.30 07:03:03.692,1.44421,1.44444,1.13,4.50
2012.03.30 07:03:04.196,1.44417,1.44443,2.25,1.50
2012.03.30 07:03:07.546,1.44419,1.44444,1.50,1.13
2012.03.30 07:03:07.846,1.44426,1.44454,3.75,1.88
2012.03.30 07:03:09.217,1.4443,1.44453,4.50,2.44
2012.03.30 07:03:10.979,1.4443,1.44454,4.50,1.32
2012.03.30 07:03:11.586,1.44431,1.44455,1.50,1.88
2012.03.30 07:03:11.661,1.44431,1.44458,1.50,1.13
2012.03.30 07:03:12.219,1.4443,1.44458,4.50,1.13
2012.03.30 07:03:12.722,1.4443,1.44455,4.50,1.13
2012.03.30 07:03:15.582,1.4443,1.44458,5.25,2.25
2012.03.30 07:03:16.657,1.44434,1.44461,1.50,1.13
2012.03.30 07:03:17.090,1.44434,1.44462,2.25,2.25
2012.03.30 07:03:17.700,1.4444,1.44465,3.00,1.88
2012.03.30 07:03:18.059,1.44443,1.44465,2.25,1.13
2012.03.30 07:03:18.627,1.44445,1.44465,1.50,1.13
2012.03.30 07:03:19.491,1.44446,1.44465,1.50,1.13
2012.03.30 07:03:19.655,1.44442,1.44465,3.00,1.13
2012.03.30 07:03:19.731,1.44443,1.44465,1.50,1.13
2012.03.30 07:03:20.275,1.44444,1.44466,1.50,4.50
2012.03.30 07:03:22.381,1.44442,1.44466,3.00,4.50
2012.03.30 07:03:23.367,1.4444,1.44466,1.13,5.25
2012.03.30 07:03:23.464,1.44436,1.44464,2.25,3.38
2012.03.30 07:03:23.612,1.44436,1.44464,3.00,3.38
2012.03.30 07:03:25.521,1.44436,1.44464,2.63,3.38
2012.03.30 07:03:25.811,1.44436,1.44464,2.25,3.38
2012.03.30 07:03:26.382,1.44436,1.44463,1.50,2.44
2012.03.30 07:03:27.295,1.44438,1.44464,1.50,1.88
2012.03.30 07:03:27.379,1.44438,1.44464,2.25,1.13
2012.03.30 07:03:28.020,1.44438,1.44464,2.25,1.88
2012.03.30 07:03:29.051,1.44435,1.44464,1.13,3.00
2012.03.30 07:03:29.407,1.44432,1.44462,1.88,2.25
2012.03.30 07:03:29.782,1.44433,1.44457,1.13,1.50
2012.03.30 07:03:30.004,1.44433,1.44461,1.13,2.25
2012.03.30 07:03:30.077,1.44433,1.44461,1.13,2.25
2012.03.30 07:03:30.710,1.44432,1.44461,1.88,2.25
2012.03.30 07:03:31.295,1.44432,1.44461,1.88,2.25
2012.03.30 07:03:32.155,1.44433,1.44463,2.25,3.75
2012.03.30 07:03:32.835,1.44434,1.44462,2.25,2.25
2012.03.30 07:03:33.166,1.44436,1.44464,1.50,3.19
2012.03.30 07:03:33.238,1.44433,1.44463,2.63,2.44
2012.03.30 07:03:35.384,1.44434,1.44458,1.50,1.09
2012.03.30 07:03:35.665,1.44432,1.44458,1.50,1.09
2012.03.30 07:03:36.358,1.44433,1.44458,1.50,1.09
2012.03.30 07:03:36.703,1.44433,1.44463,2.25,2.25
2012.03.30 07:03:37.234,1.44433,1.44463,1.50,2.25
2012.03.30 07:03:37.737,1.44431,1.4446,4.13,2.44
2012.03.30 07:03:38.016,1.44434,1.44461,1.50,1.13
2012.03.30 07:03:39.213,1.44434,1.44462,2.25,2.25
2012.03.30 07:03:39.867,1.44435,1.4446,1.50,2.44
2012.03.30 07:03:40.356,1.44432,1.44457,1.50,2.25
2012.03.30 07:03:40.442,1.44432,1.44458,1.50,2.25
2012.03.30 07:03:40.657,1.44432,1.44458,2.25,2.25
2012.03.30 07:03:42.378,1.44436,1.44462,1.50,1.50
2012.03.30 07:03:42.504,1.44438,1.44464,1.50,1.50
2012.03.30 07:03:43.074,1.44435,1.44464,2.63,1.88
2012.03.30 07:03:43.220,1.44435,1.4446,1.13,1.50
2012.03.30 07:03:43.973,1.44434,1.44464,1.13,3.38
2012.03.30 07:03:48.548,1.44434,1.44461,1.13,2.25
2012.03.30 07:03:49.445,1.44434,1.44461,1.13,1.50
2012.03.30 07:03:50.093,1.44439,1.44464,1.13,1.50
2012.03.30 07:03:50.174,1.44444,1.44467,1.50,1.50
2012.03.30 07:03:50.314,1.44439,1.44465,1.13,2.25
2012.03.30 07:03:52.724,1.4444,1.44467,1.13,1.50
2012.03.30 07:03:52.865,1.4444,1.44465,1.13,1.50
2012.03.30 07:03:53.418,1.4444,1.44467,1.13,1.69
2012.03.30 07:03:54.720,1.4444,1.44467,1.13,1.69
2012.03.30 07:03:55.700,1.44442,1.44468,4.50,2.25
2012.03.30 07:03:55.779,1.44442,1.44468,6.00,2.25
2012.03.30 07:03:56.067,1.44442,1.44468,4.88,2.25
2012.03.30 07:03:58.034,1.44438,1.44466,3.41,1.50
2012.03.30 07:03:58.328,1.44438,1.44464,1.16,2.25
2012.03.30 07:03:58.405,1.44438,1.44464,1.50,2.25
2012.03.30 07:03:58.755,1.44438,1.44464,1.50,2.25
2012.03.30 07:04:01.095,1.44437,1.44461,1.13,1.50
2012.03.30 07:04:01.240,1.44435,1.44462,2.25,1.13
2012.03.30 07:04:01.323,1.44435,1.44461,2.25,1.50
2012.03.30 07:04:01.487,1.44432,1.44461,8.25,2.18
2012.03.30 07:04:02.002,1.44432,1.44456,6.00,2.25
2012.03.30 07:04:02.511,1.44433,1.44461,1.50,2.25
2012.03.30 07:04:03.102,1.44434,1.44461,1.50,2.25
2012.03.30 07:04:03.758,1.44436,1.44466,1.88,4.62
2012.03.30 07:04:04.401,1.4444,1.44466,1.50,1.50
2012.03.30 07:04:04.481,1.4444,1.44466,1.50,1.50
2012.03.30 07:04:04.777,1.44438,1.44466,2.25,1.50
2012.03.30 07:04:07.736,1.44436,1.44463,1.13,1.50
2012.03.30 07:04:08.563,1.44436,1.44461,1.13,2.63
2012.03.30 07:04:08.652,1.44434,1.44456,1.50,1.50
2012.03.30 07:04:09.149,1.44427,1.44455,2.25,3.00
2012.03.30 07:04:09.657,1.44427,1.44455,2.25,1.13
2012.03.30 07:04:10.019,1.44434,1.44457,1.50,1.13
2012.03.30 07:04:10.829,1.44432,1.44459,3.00,1.13
2012.03.30 07:04:11.384,1.44435,1.4446,1.50,2.25
2012.03.30 07:04:11.613,1.4444,1.44464,1.50,2.25
2012.03.30 07:04:11.966,1.44443,1.44467,4.50,2.25
2012.03.30 07:04:12.114,1.44443,1.44467,4.50,2.25
2012.03.30 07:04:12.608,1.44445,1.44467,2.25,1.50
2012.03.30 07:04:12.725,1.44446,1.44472,1.50,1.13
2012.03.30 07:04:13.229,1.44446,1.44468,1.50,1.50
2012.03.30 07:04:13.314,1.44439,1.44468,2.25,1.50
2012.03.30 07:04:14.229,1.44441,1.44468,2.25,1.69
2012.03.30 07:04:14.518,1.44437,1.44466,2.63,1.13
2012.03.30 07:04:14.902,1.44429,1.44457,3.08,1.13
2012.03.30 07:04:14.990,1.44429,1.44457,1.13,1.13
2012.03.30 07:04:15.070,1.44427,1.44457,1.50,2.63
2012.03.30 07:04:15.155,1.44426,1.44455,2.25,1.32
2012.03.30 07:04:15.731,1.44427,1.44455,1.50,2.82
2012.03.30 07:04:16.042,1.44428,1.44455,2.25,1.13
2012.03.30 07:04:16.115,1.44428,1.44456,2.25,1.13
2012.03.30 07:04:17.682,1.44436,1.44463,3.00,1.13
2012.03.30 07:04:17.768,1.44437,1.44464,2.25,1.13
2012.03.30 07:04:18.279,1.44441,1.44466,1.50,1.88
2012.03.30 07:04:18.494,1.44441,1.44466,1.50,1.50
2012.03.30 07:04:19.057,1.4444,1.4447,2.25,4.69
2012.03.30 07:04:19.427,1.44437,1.44464,1.88,1.50
2012.03.30 07:04:19.719,1.44436,1.44461,1.50,1.50
2012.03.30 07:04:20.027,1.44436,1.44461,1.50,1.50
2012.03.30 07:04:21.799,1.44436,1.4446,1.50,1.50
2012.03.30 07:04:22.110,1.44435,1.44458,1.50,1.28
2012.03.30 07:04:22.750,1.44432,1.44456,1.50,1.13
2012.03.30 07:04:22.843,1.44428,1.44455,1.13,1.50
2012.03.30 07:04:23.007,1.44427,1.44455,1.13,1.50
2012.03.30 07:04:23.567,1.44426,1.44455,2.82,1.50
2012.03.30 07:04:25.217,1.44427,1.44455,1.50,1.50
2012.03.30 07:04:25.305,1.44428,1.44455,1.50,1.50
2012.03.30 07:04:25.388,1.44426,1.44453,1.13,2.25
2012.03.30 07:04:25.479,1.44425,1.44453,1.13,2.25
2012.03.30 07:04:26.330,1.44425,1.44452,1.88,1.13
2012.03.30 07:04:26.429,1.44427,1.44456,2.25,2.25
2012.03.30 07:04:27.058,1.4443,1.44455,1.50,1.50
2012.03.30 07:04:27.630,1.44427,1.44455,2.25,3.00
2012.03.30 07:04:28.825,1.44425,1.44455,1.88,3.00
2012.03.30 07:04:28.901,1.44425,1.44455,1.13,3.00
2012.03.30 07:04:29.268,1.44432,1.44453,4.50,2.25
2012.03.30 07:04:29.422,1.44432,1.44458,5.25,2.25
2012.03.30 07:04:31.186,1.44433,1.44461,3.00,2.25
2012.03.30 07:04:32.833,1.44434,1.44461,1.50,2.25
2012.03.30 07:04:33.233,1.44434,1.44462,3.00,2.25
2012.03.30 07:04:33.306,1.44434,1.44462,3.00,2.25
2012.03.30 07:04:33.480,1.44434,1.44462,3.00,1.50
2012.03.30 07:04:35.336,1.44435,1.44464,2.25,1.13
2012.03.30 07:04:36.024,1.44434,1.4446,1.50,1.50
2012.03.30 07:04:36.131,1.44434,1.44458,1.50,1.50
2012.03.30 07:04:36.207,1.44434,1.44461,1.50,1.69
2012.03.30 07:04:36.766,1.44436,1.44461,1.50,1.50
2012.03.30 07:04:37.470,1.44436,1.44461,1.50,1.50
2012.03.30 07:04:37.978,1.44442,1.44463,1.50,1.50
2012.03.30 07:04:38.292,1.44442,1.44464,1.50,1.50
2012.03.30 07:04:38.368,1.44442,1.44467,1.50,2.25
2012.03.30 07:04:38.607,1.44447,1.44468,1.50,4.50
2012.03.30 07:04:39.304,1.44448,1.44468,1.50,4.50
2012.03.30 07:04:39.413,1.44443,1.44468,2.25,4.50
2012.03.30 07:04:39.793,1.44438,1.44465,1.50,1.50
2012.03.30 07:04:39.873,1.44438,1.44462,1.50,1.50
2012.03.30 07:04:40.031,1.44438,1.44462,1.50,1.50
2012.03.30 07:04:40.201,1.44434,1.4446,1.50,1.09
2012.03.30 07:04:40.752,1.4443,1.44454,1.50,2.25
2012.03.30 07:04:41.897,1.44427,1.44456,2.25,7.50
2012.03.30 07:04:42.685,1.44433,1.44456,1.50,1.50
2012.03.30 07:04:42.772,1.44433,1.44459,1.50,1.50
2012.03.30 07:04:42.849,1.44433,1.44459,1.50,1.50
2012.03.30 07:04:43.067,1.44433,1.44456,1.50,1.50
2012.03.30 07:04:43.567,1.44433,1.44456,1.50,1.50
2012.03.30 07:04:43.928,1.44433,1.44454,1.50,1.50
2012.03.30 07:04:44.753,1.44433,1.44454,1.50,1.50
2012.03.30 07:04:44.830,1.44433,1.44457,1.50,1.50
2012.03.30 07:04:44.983,1.44433,1.44457,1.50,1.50
2012.03.30 07:04:45.056,1.44433,1.44453,1.50,1.50
2012.03.30 07:04:45.622,1.44431,1.44451,4.50,1.50
2012.03.30 07:04:45.699,1.44427,1.44451,1.16,1.50
2012.03.30 07:04:46.231,1.44427,1.44452,1.16,1.50
2012.03.30 07:04:46.385,1.44424,1.44453,2.44,1.50
2012.03.30 07:04:46.605,1.44423,1.4445,1.13,1.50
2012.03.30 07:04:46.955,1.44423,1.44448,1.13,1.50
2012.03.30 07:04:47.375,1.44423,1.4445,2.63,1.50
2012.03.30 07:04:47.975,1.44423,1.44451,2.63,1.50
2012.03.30 07:04:49.990,1.44426,1.44454,2.44,3.38
2012.03.30 07:04:50.464,1.44426,1.44453,2.25,2.44
2012.03.30 07:04:50.820,1.44419,1.44446,1.95,1.50
2012.03.30 07:04:51.532,1.44419,1.44446,1.50,1.88
2012.03.30 07:04:51.855,1.44419,1.44444,1.50,1.50
2012.03.30 07:04:52.077,1.44413,1.44441,1.50,6.38
2012.03.30 07:04:52.391,1.44409,1.44436,2.55,1.50
2012.03.30 07:04:52.927,1.44409,1.44436,2.55,1.50
2012.03.30 07:04:53.075,1.4441,1.44437,1.13,1.50
2012.03.30 07:04:53.148,1.4441,1.44437,1.13,1.50
2012.03.30 07:04:53.519,1.44413,1.44439,1.50,2.25
2012.03.30 07:04:54.084,1.44412,1.44441,1.50,6.00
2012.03.30 07:04:54.662,1.4441,1.44438,1.50,1.50
2012.03.30 07:04:55.556,1.4441,1.44441,2.25,6.38
2012.03.30 07:04:55.715,1.44416,1.44441,1.50,6.00
2012.03.30 07:04:56.675,1.44416,1.44441,1.88,4.50
2012.03.30 07:04:56.760,1.44416,1.44441,1.13,4.50
2012.03.30 07:04:57.267,1.44413,1.44441,1.50,6.00
2012.03.30 07:04:58.374,1.44407,1.44435,1.13,1.50
2012.03.30 07:04:58.591,1.44406,1.44432,1.84,1.50
2012.03.30 07:04:58.678,1.44405,1.44432,1.50,1.50
2012.03.30 07:05:00.226,1.44403,1.44427,1.13,2.25
2012.03.30 07:05:00.466,1.44415,1.4443,1.50,1.50
2012.03.30 07:05:00.565,1.44415,1.44433,1.50,2.25
2012.03.30 07:05:00.993,1.44416,1.44436,1.50,2.93
2012.03.30 07:05:02.030,1.44411,1.44438,1.50,1.69
2012.03.30 07:05:02.185,1.44417,1.4444,1.50,1.50
2012.03.30 07:05:04.466,1.44412,1.4444,3.00,1.69
2012.03.30 07:05:04.826,1.44412,1.44438,1.50,1.50
2012.03.30 07:05:06.494,1.44412,1.44438,1.50,1.88
2012.03.30 07:05:06.586,1.44412,1.44435,1.50,1.50
2012.03.30 07:05:06.667,1.44416,1.44438,1.50,1.50
2012.03.30 07:05:06.766,1.44416,1.44441,1.69,2.25
2012.03.30 07:05:07.073,1.44423,1.44446,1.50,1.50
2012.03.30 07:05:07.616,1.44423,1.44446,1.50,1.50
2012.03.30 07:05:07.743,1.44431,1.44456,1.50,1.50
2012.03.30 07:05:07.846,1.44428,1.44457,2.25,1.50
2012.03.30 07:05:07.933,1.44426,1.44449,1.13,1.50
2012.03.30 07:05:10.256,1.44423,1.44449,1.50,1.50
2012.03.30 07:05:10.799,1.44423,1.44447,1.50,3.00
2012.03.30 07:05:11.108,1.44423,1.44441,1.50,1.50
2012.03.30 07:05:12.439,1.44423,1.44445,1.50,1.50
2012.03.30 07:05:14.294,1.44423,1.44445,1.50,1.50
2012.03.30 07:05:14.376,1.44423,1.4445,1.50,1.50
2012.03.30 07:05:14.855,1.44424,1.44453,1.13,2.63
2012.03.30 07:05:15.481,1.44423,1.44452,3.00,1.50
2012.03.30 07:05:15.558,1.44423,1.44452,3.00,1.50
2012.03.30 07:05:16.970,1.44423,1.44449,1.50,1.50
2012.03.30 07:05:17.748,1.44423,1.44452,3.00,1.50
2012.03.30 07:05:18.188,1.44423,1.4445,1.50,1.50
2012.03.30 07:05:19.064,1.44423,1.4445,1.50,1.50
2012.03.30 07:05:19.206,1.44423,1.44453,3.00,2.44
2012.03.30 07:05:19.756,1.44423,1.44451,1.50,2.25
2012.03.30 07:05:19.827,1.44423,1.44447,1.50,1.50
2012.03.30 07:05:20.713,1.44423,1.44447,1.50,1.50
2012.03.30 07:05:21.332,1.44423,1.44451,1.50,1.50
2012.03.30 07:05:21.417,1.44423,1.44448,1.50,1.50
2012.03.30 07:05:21.488,1.44423,1.4445,1.50,1.50
2012.03.30 07:05:22.138,1.44423,1.4445,1.50,2.25
2012.03.30 07:05:22.224,1.44423,1.44446,1.50,1.50
2012.03.30 07:05:22.723,1.44423,1.44446,1.50,1.50
2012.03.30 07:05:24.352,1.44423,1.44446,1.50,1.88
2012.03.30 07:05:24.431,1.44423,1.44443,1.50,1.69
2012.03.30 07:05:24.526,1.44416,1.44443,1.50,3.57
2012.03.30 07:05:24.674,1.44413,1.4444,1.50,2.25
2012.03.30 07:05:25.251,1.44409,1.4444,2.25,2.25
2012.03.30 07:05:25.541,1.44409,1.4444,2.25,1.69
2012.03.30 07:05:27.375,1.44409,1.4444,2.25,2.44
2012.03.30 07:05:27.660,1.44408,1.44436,1.50,1.50
2012.03.30 07:05:28.084,1.44408,1.44439,3.00,1.69
2012.03.30 07:05:28.651,1.44411,1.44441,3.19,2.25
2012.03.30 07:05:29.206,1.44422,1.44446,1.50,1.50
2012.03.30 07:05:29.423,1.44422,1.44451,1.50,2.25
2012.03.30 07:05:29.637,1.44422,1.44451,1.50,2.25
2012.03.30 07:05:30.948,1.4442,1.44448,1.50,1.50
2012.03.30 07:05:31.043,1.4442,1.44448,1.50,2.25
2012.03.30 07:05:31.543,1.4442,1.44446,3.00,1.32
2012.03.30 07:05:33.058,1.44422,1.44447,1.50,2.44
2012.03.30 07:05:33.133,1.44422,1.44447,1.50,1.69
2012.03.30 07:05:33.698,1.44424,1.44448,1.50,1.32
2012.03.30 07:05:34.077,1.44424,1.44448,1.50,1.88
2012.03.30 07:05:35.032,1.44421,1.44448,1.50,1.32
2012.03.30 07:05:35.119,1.44427,1.44449,1.50,1.88
2012.03.30 07:05:35.273,1.44427,1.44452,1.50,2.44
2012.03.30 07:05:35.954,1.44427,1.44452,1.50,2.44
2012.03.30 07:05:36.246,1.44427,1.44453,1.50,1.50
2012.03.30 07:05:36.774,1.4443,1.44455,2.25,2.03
2012.03.30 07:05:37.222,1.44427,1.44454,1.50,2.25
2012.03.30 07:05:37.716,1.44427,1.44454,1.50,2.25
2012.03.30 07:05:39.171,1.44424,1.44452,1.50,2.25
2012.03.30 07:05:39.610,1.44423,1.44452,3.00,3.00
2012.03.30 07:05:40.730,1.44422,1.44449,1.50,1.88
2012.03.30 07:05:41.027,1.44422,1.44449,1.50,1.88
2012.03.30 07:05:41.237,1.44428,1.44449,1.50,1.88
2012.03.30 07:05:41.314,1.44431,1.44449,1.50,1.50
2012.03.30 07:05:41.457,1.44431,1.44451,1.50,1.50
2012.03.30 07:05:41.528,1.44427,1.44454,1.50,3.00
2012.03.30 07:05:41.611,1.44428,1.44454,1.13,3.38
2012.03.30 07:05:43.140,1.44428,1.44454,1.13,3.19
2012.03.30 07:05:43.776,1.44428,1.4445,1.13,1.50
2012.03.30 07:05:44.024,1.44427,1.4445,1.13,1.50
2012.03.30 07:05:44.096,1.44427,1.44448,1.13,1.50
2012.03.30 07:05:44.237,1.44427,1.44451,1.13,1.50
2012.03.30 07:05:44.656,1.44428,1.44454,1.13,2.25
2012.03.30 07:05:46.233,1.44428,1.44455,2.63,1.13
2012.03.30 07:05:46.798,1.44432,1.44455,1.50,1.88
2012.03.30 07:05:47.155,1.44432,1.44455,1.50,1.13
2012.03.30 07:05:47.669,1.44432,1.44455,1.50,1.13
2012.03.30 07:05:49.505,1.44431,1.44454,2.25,2.25
2012.03.30 07:05:49.585,1.44428,1.44452,1.50,1.50
2012.03.30 07:05:49.803,1.44428,1.44454,3.00,2.25
2012.03.30 07:05:50.344,1.44426,1.44453,2.25,1.50
2012.03.30 07:05:50.436,1.44421,1.44449,2.25,1.50
2012.03.30 07:05:50.924,1.44421,1.44452,3.75,1.50
2012.03.30 07:05:51.346,1.44421,1.44447,1.50,1.50
2012.03.30 07:05:51.554,1.44421,1.44449,1.88,3.00
2012.03.30 07:05:52.913,1.44422,1.44452,3.19,1.50
2012.03.30 07:05:53.126,1.44422,1.44449,1.69,1.50
2012.03.30 07:05:54.100,1.44422,1.44451,2.25,1.50
2012.03.30 07:05:54.749,1.44422,1.44452,2.25,1.50
2012.03.30 07:05:56.518,1.44422,1.44452,2.25,2.25
2012.03.30 07:05:57.501,1.44429,1.44452,1.50,2.25
2012.03.30 07:05:57.576,1.44427,1.44452,1.50,2.25
2012.03.30 07:05:59.109,1.44427,1.4445,1.50,1.50
2012.03.30 07:05:59.272,1.44422,1.44446,1.50,1.50
2012.03.30 07:05:59.495,1.4442,1.44446,2.25,2.63
2012.03.30 07:05:59.653,1.44416,1.44439,2.18,2.25
2012.03.30 07:06:00.230,1.44417,1.44439,1.50,2.25
2012.03.30 07:06:00.529,1.44417,1.4444,1.50,4.50
2012.03.30 07:06:01.898,1.44417,1.44439,1.50,2.25
2012.03.30 07:06:02.745,1.44417,1.44439,1.50,2.25
2012.03.30 07:06:03.100,1.44412,1.44439,1.50,2.25
2012.03.30 07:06:04.139,1.44421,1.4444,2.25,6.00
2012.03.30 07:06:04.427,1.44423,1.4445,1.13,2.63
2012.03.30 07:06:04.518,1.44421,1.44447,1.13,1.69
2012.03.30 07:06:04.679,1.4442,1.44446,1.50,1.13
2012.03.30 07:06:05.453,1.44416,1.4444,5.25,1.50
2012.03.30 07:06:06.040,1.44412,1.4444,3.78,1.50
2012.03.30 07:06:06.187,1.44416,1.4444,1.50,1.50
2012.03.30 07:06:06.537,1.44416,1.44444,1.50,1.50
2012.03.30 07:06:06.960,1.44416,1.44444,1.50,1.50
2012.03.30 07:06:08.112,1.44416,1.44442,1.50,1.50
2012.03.30 07:06:08.260,1.44416,1.44442,1.50,1.50
2012.03.30 07:06:08.335,1.44416,1.4444,1.50,1.50
2012.03.30 07:06:08.679,1.44416,1.44437,1.50,1.50
2012.03.30 07:06:09.676,1.44414,1.44433,5.25,1.50
2012.03.30 07:06:09.827,1.44409,1.44433,1.16,1.50
2012.03.30 07:06:10.110,1.44412,1.44436,1.50,4.50
2012.03.30 07:06:10.664,1.44412,1.44436,1.50,4.50
2012.03.30 07:06:12.086,1.44413,1.4444,1.50,2.60
2012.03.30 07:06:12.161,1.44413,1.4444,1.50,2.60
2012.03.30 07:06:12.727,1.44417,1.4444,1.50,1.50
2012.03.30 07:06:12.864,1.44417,1.44443,1.50,1.84
2012.03.30 07:06:13.727,1.44426,1.44449,2.25,2.59
2012.03.30 07:06:13.819,1.44422,1.44449,1.50,4.50
2012.03.30 07:06:13.904,1.44424,1.44449,2.25,4.50
2012.03.30 07:06:14.056,1.44422,1.44448,1.50,2.25
2012.03.30 07:06:14.555,1.44422,1.44449,1.50,5.25
2012.03.30 07:06:15.567,1.44427,1.44453,1.50,1.50
2012.03.30 07:06:16.299,1.44426,1.4445,1.13,1.50
2012.03.30 07:06:17.918,1.44426,1.4445,1.13,1.50
2012.03.30 07:06:18.003,1.44426,1.44448,1.13,1.50
2012.03.30 07:06:18.223,1.44426,1.44448,1.13,1.50
2012.03.30 07:06:18.707,1.44426,1.44446,1.13,1.50
2012.03.30 07:06:20.890,1.44425,1.44446,1.13,3.00
2012.03.30 07:06:21.252,1.44425,1.44444,1.13,1.50
2012.03.30 07:06:23.062,1.4442,1.44444,2.18,1.50
2012.03.30 07:06:23.137,1.44416,1.44444,1.88,1.88
2012.03.30 07:06:23.209,1.44416,1.4444,1.88,1.50
2012.03.30 07:06:23.496,1.44414,1.44438,1.50,1.50
2012.03.30 07:06:23.565,1.44414,1.44441,1.50,2.44
2012.03.30 07:06:23.643,1.44414,1.44436,1.50,1.50
2012.03.30 07:06:24.154,1.44414,1.44436,1.50,1.50
2012.03.30 07:06:25.302,1.44414,1.44437,1.50,1.50
2012.03.30 07:06:27.411,1.44414,1.44437,1.50,1.50
2012.03.30 07:06:28.150,1.44414,1.44437,1.50,1.69
2012.03.30 07:06:28.228,1.44412,1.44434,1.50,5.25
2012.03.30 07:06:28.581,1.44401,1.44422,1.13,4.69
2012.03.30 07:06:29.313,1.44393,1.4442,2.25,1.13
2012.03.30 07:06:29.461,1.44393,1.44422,2.25,4.69
2012.03.30 07:06:29.609,1.44393,1.44421,2.25,2.25
2012.03.30 07:06:30.123,1.44395,1.44419,1.50,1.50
2012.03.30 07:06:30.709,1.44394,1.44416,1.50,1.69
2012.03.30 07:06:31.261,1.44392,1.44416,1.50,1.69
2012.03.30 07:06:31.484,1.44392,1.44418,1.50,1.50
2012.03.30 07:06:32.143,1.44392,1.44417,1.50,1.50
2012.03.30 07:06:32.660,1.44392,1.44416,1.50,1.50
2012.03.30 07:06:32.744,1.44396,1.44418,1.50,1.50
2012.03.30 07:06:33.239,1.44396,1.44422,1.50,5.63
2012.03.30 07:06:33.561,1.44396,1.44422,1.50,4.50
2012.03.30 07:06:34.159,1.44396,1.44421,1.50,2.25
2012.03.30 07:06:34.376,1.44396,1.44421,1.50,2.25
2012.03.30 07:06:35.300,1.44398,1.44424,1.50,1.88
2012.03.30 07:06:35.654,1.444,1.44421,1.13,1.50
2012.03.30 07:06:37.411,1.44401,1.44424,1.50,1.88
2012.03.30 07:06:37.873,1.44401,1.44428,1.50,3.38
2012.03.30 07:06:38.095,1.44403,1.44428,1.50,2.25
2012.03.30 07:06:38.175,1.44408,1.4443,1.50,2.25
2012.03.30 07:06:38.395,1.4441,1.44432,1.50,3.00
2012.03.30 07:06:39.356,1.44411,1.44429,4.50,1.50
2012.03.30 07:06:41.339,1.44411,1.44433,4.50,2.25
2012.03.30 07:06:42.179,1.44411,1.44432,4.50,1.50
2012.03.30 07:06:42.267,1.44411,1.44429,4.50,3.00
2012.03.30 07:06:42.630,1.444,1.44425,1.50,4.88
2012.03.30 07:06:43.448,1.44402,1.44424,1.88,1.13
2012.03.30 07:06:43.543,1.44402,1.44426,1.50,2.25
2012.03.30 07:06:43.881,1.44402,1.44424,1.50,1.50
2012.03.30 07:06:44.354,1.44402,1.44427,1.50,2.25
2012.03.30 07:06:45.135,1.44403,1.44427,1.50,1.50
2012.03.30 07:06:47.238,1.44403,1.44431,1.88,1.50
2012.03.30 07:06:47.319,1.44403,1.44432,1.88,1.84
2012.03.30 07:06:47.619,1.44403,1.44428,1.88,1.50
2012.03.30 07:06:47.968,1.44403,1.44432,1.50,3.34
2012.03.30 07:06:49.006,1.44403,1.4443,3.00,2.63
2012.03.30 07:06:49.219,1.44403,1.44429,1.50,3.19
2012.03.30 07:06:49.584,1.44403,1.44425,1.50,1.50
2012.03.30 07:06:49.664,1.44403,1.44427,1.50,1.50
2012.03.30 07:06:50.537,1.44403,1.44429,1.50,2.25
2012.03.30 07:06:52.044,1.44405,1.4443,1.50,1.50
2012.03.30 07:06:52.521,1.44408,1.44432,1.50,2.25
2012.03.30 07:06:52.746,1.44408,1.44434,1.50,1.50
2012.03.30 07:06:52.822,1.44407,1.44434,1.50,1.50
2012.03.30 07:06:53.038,1.44407,1.44432,1.50,1.50
2012.03.30 07:06:54.370,1.44403,1.44433,1.50,3.00
2012.03.30 07:06:57.170,1.44403,1.44429,1.50,1.50
2012.03.30 07:06:57.457,1.44395,1.4442,2.25,1.88
2012.03.30 07:06:58.106,1.44394,1.44419,2.25,1.69
2012.03.30 07:06:58.619,1.4439,1.44417,1.13,1.50
2012.03.30 07:06:59.062,1.44395,1.4442,2.44,1.50
2012.03.30 07:06:59.616,1.44399,1.44423,4.50,1.50
2012.03.30 07:06:59.732,1.44402,1.44427,1.50,2.63
2012.03.30 07:07:01.423,1.444,1.44422,1.50,1.50
2012.03.30 07:07:01.642,1.444,1.44424,1.50,2.25
2012.03.30 07:07:01.725,1.44399,1.44426,4.50,1.13
2012.03.30 07:07:02.294,1.44399,1.44421,4.50,1.50
2012.03.30 07:07:02.841,1.444,1.44425,1.50,1.50
2012.03.30 07:07:03.715,1.44401,1.44426,1.50,1.88
2012.03.30 07:07:05.118,1.44401,1.44424,1.50,1.50
2012.03.30 07:07:05.471,1.44401,1.4442,1.50,1.50
2012.03.30 07:07:05.836,1.4439,1.44418,1.88,1.50
2012.03.30 07:07:05.913,1.4439,1.44418,1.88,1.50
2012.03.30 07:07:06.269,1.4439,1.44416,1.88,1.50
2012.03.30 07:07:06.847,1.4439,1.44418,1.88,2.25
2012.03.30 07:07:08.071,1.44392,1.4442,2.25,3.53
2012.03.30 07:07:08.438,1.44394,1.44422,2.25,1.47
2012.03.30 07:07:12.648,1.44394,1.44423,2.25,3.00
2012.03.30 07:07:12.870,1.44397,1.44426,2.25,7.13
2012.03.30 07:07:17.932,1.44394,1.44422,3.19,1.50
2012.03.30 07:07:18.524,1.44392,1.44422,4.13,1.50
2012.03.30 07:07:19.740,1.44394,1.44424,2.44,1.50
2012.03.30 07:07:21.100,1.44393,1.44421,2.44,1.50
2012.03.30 07:07:21.665,1.44394,1.44424,2.44,1.50
2012.03.30 07:07:22.108,1.44394,1.44421,2.44,1.50
2012.03.30 07:07:22.482,1.44392,1.44419,1.69,1.50
2012.03.30 07:07:22.629,1.44392,1.44423,3.19,2.25
2012.03.30 07:07:23.275,1.44392,1.44419,2.25,1.50
2012.03.30 07:07:23.735,1.44392,1.44419,2.25,1.50
2012.03.30 07:07:23.825,1.44384,1.44412,3.94,2.25
2012.03.30 07:07:24.176,1.44385,1.44413,2.25,4.50
2012.03.30 07:07:25.243,1.44383,1.44413,2.25,6.00
2012.03.30 07:07:26.573,1.44386,1.44413,3.00,4.50
2012.03.30 07:07:27.857,1.44386,1.44413,1.50,4.69
2012.03.30 07:07:29.298,1.44391,1.44413,1.50,4.69
2012.03.30 07:07:29.382,1.44392,1.44415,1.50,1.50
2012.03.30 07:07:29.470,1.44392,1.44418,1.50,2.44
2012.03.30 07:07:29.686,1.44392,1.44418,1.50,1.69
2012.03.30 07:07:29.888,1.44392,1.44413,1.50,1.50
2012.03.30 07:07:30.239,1.4439,1.44414,1.50,1.50
2012.03.30 07:07:30.759,1.4439,1.44418,1.50,2.63
2012.03.30 07:07:30.921,1.4439,1.44415,1.50,1.50
2012.03.30 07:07:33.934,1.44392,1.44416,1.50,1.50
2012.03.30 07:07:34.350,1.4439,1.44416,1.50,1.50
2012.03.30 07:07:34.513,1.4439,1.44416,1.50,1.50
2012.03.30 07:07:34.667,1.44388,1.44406,2.25,4.50
2012.03.30 07:07:34.815,1.44388,1.44406,2.25,4.50
2012.03.30 07:07:34.895,1.44388,1.44406,1.50,4.50
2012.03.30 07:07:35.530,1.44384,1.44406,2.25,4.50
2012.03.30 07:07:35.776,1.44382,1.44406,2.25,4.88
2012.03.30 07:07:35.996,1.44382,1.44406,2.25,4.88
2012.03.30 07:07:37.313,1.44389,1.44414,2.25,1.13
2012.03.30 07:07:37.530,1.44389,1.44416,2.25,1.13
2012.03.30 07:07:38.498,1.44387,1.44415,1.69,1.88
2012.03.30 07:07:39.023,1.44392,1.44417,1.50,2.63
2012.03.30 07:07:39.380,1.44396,1.44417,1.50,2.63
2012.03.30 07:07:39.898,1.44396,1.44417,1.50,1.13
2012.03.30 07:07:40.248,1.44394,1.44415,1.50,1.13
2012.03.30 07:07:40.319,1.44394,1.44413,1.50,1.13
2012.03.30 07:07:40.400,1.44389,1.44413,3.00,1.13
2012.03.30 07:07:40.478,1.44392,1.44416,1.50,1.13
2012.03.30 07:07:41.167,1.44397,1.44423,5.25,2.25
2012.03.30 07:07:41.239,1.44393,1.4442,3.19,5.25
2012.03.30 07:07:41.379,1.44392,1.44419,1.88,4.50
2012.03.30 07:07:41.458,1.44392,1.44419,1.50,4.50
2012.03.30 07:07:42.016,1.44398,1.44425,2.25,1.50
2012.03.30 07:07:42.571,1.44396,1.44424,1.50,2.44
2012.03.30 07:07:43.122,1.44394,1.44421,1.50,3.75
2012.03.30 07:07:43.310,1.44391,1.44416,1.50,2.25
2012.03.30 07:07:43.533,1.44391,1.44416,1.50,2.25
2012.03.30 07:07:43.750,1.44391,1.44416,1.50,2.25
2012.03.30 07:07:47.817,1.44389,1.44415,5.63,2.25
2012.03.30 07:07:48.173,1.44389,1.44414,4.88,2.25
2012.03.30 07:07:48.255,1.44386,1.44412,1.16,1.50
2012.03.30 07:07:50.518,1.44382,1.44411,2.25,2.25
2012.03.30 07:07:53.764,1.4438,1.44408,2.25,2.25
2012.03.30 07:07:54.175,1.44379,1.44407,1.50,2.25
2012.03.30 07:07:54.445,1.44379,1.44407,1.50,2.63
2012.03.30 07:07:56.008,1.44379,1.44407,1.50,2.44
2012.03.30 07:07:59.577,1.44382,1.44411,2.25,2.25
2012.03.30 07:08:00.606,1.44382,1.44411,2.25,2.25
2012.03.30 07:08:01.897,1.44386,1.44412,2.25,1.50
2012.03.30 07:08:02.056,1.44389,1.44412,1.50,1.50
2012.03.30 07:08:02.693,1.44389,1.44413,1.50,1.88
2012.03.30 07:08:03.291,1.44385,1.44413,2.25,1.88
2012.03.30 07:08:08.688,1.44384,1.44411,1.88,1.50
2012.03.30 07:08:09.110,1.44389,1.44417,4.88,2.25
2012.03.30 07:08:09.193,1.44391,1.44417,1.50,2.25
2012.03.30 07:08:10.046,1.44391,1.44415,1.50,1.50
2012.03.30 07:08:10.194,1.4439,1.44415,1.50,2.25
2012.03.30 07:08:11.746,1.44391,1.44418,1.50,2.25
2012.03.30 07:08:14.138,1.44402,1.44424,4.50,3.00
2012.03.30 07:08:14.234,1.44402,1.44424,5.25,2.25
2012.03.30 07:08:14.449,1.44398,1.44424,1.16,2.25
2012.03.30 07:08:14.959,1.44398,1.44422,1.16,1.50
2012.03.30 07:08:15.418,1.44398,1.4442,1.16,1.50
2012.03.30 07:08:15.504,1.44392,1.44417,1.50,1.50
2012.03.30 07:08:15.658,1.44395,1.4442,1.50,1.50
2012.03.30 07:08:15.734,1.44395,1.4442,1.50,1.50
2012.03.30 07:08:16.233,1.44395,1.4442,1.50,2.25
2012.03.30 07:08:16.308,1.44396,1.44423,3.00,2.25
2012.03.30 07:08:17.206,1.44397,1.44423,1.50,2.25
2012.03.30 07:08:17.492,1.44397,1.44423,1.50,1.50
2012.03.30 07:08:17.818,1.44394,1.44423,1.50,3.00
2012.03.30 07:08:18.779,1.44394,1.44422,3.00,2.25
2012.03.30 07:08:18.862,1.44394,1.44422,3.00,2.25
2012.03.30 07:08:18.942,1.44397,1.44422,1.50,2.25
2012.03.30 07:08:19.416,1.44398,1.44422,1.50,2.25
2012.03.30 07:08:19.487,1.44397,1.44422,1.50,2.25
2012.03.30 07:08:21.718,1.44393,1.44422,1.13,2.25
2012.03.30 07:08:21.855,1.44393,1.44422,1.13,1.50
2012.03.30 07:08:21.924,1.44393,1.44422,1.13,2.25
2012.03.30 07:08:22.277,1.44395,1.44422,1.50,2.25
2012.03.30 07:08:22.610,1.444,1.44424,2.25,1.50
2012.03.30 07:08:23.669,1.44397,1.44424,1.50,1.50
2012.03.30 07:08:25.930,1.44396,1.4442,1.50,1.50
2012.03.30 07:08:26.220,1.44402,1.4442,1.50,1.50
2012.03.30 07:08:26.445,1.44403,1.44423,1.50,1.50
2012.03.30 07:08:26.529,1.44403,1.44425,1.50,1.13
2012.03.30 07:08:26.610,1.44403,1.4443,1.50,1.50
2012.03.30 07:08:26.690,1.44403,1.44431,1.50,3.00
2012.03.30 07:08:27.406,1.44405,1.44431,1.50,3.00
2012.03.30 07:08:27.909,1.44405,1.44429,1.50,1.50
2012.03.30 07:08:28.269,1.44408,1.44433,2.25,1.50
2012.03.30 07:08:28.354,1.4441,1.44435,1.50,1.50
2012.03.30 07:08:29.084,1.4441,1.44435,3.00,1.50
2012.03.30 07:08:29.509,1.44408,1.44435,1.50,3.19
2012.03.30 07:08:30.676,1.44409,1.44434,1.50,1.50
2012.03.30 07:08:31.079,1.44408,1.44437,2.25,3.75
2012.03.30 07:08:31.165,1.44408,1.44437,2.25,3.75
2012.03.30 07:08:32.035,1.44414,1.44439,1.69,6.38
2012.03.30 07:08:32.380,1.44414,1.44439,2.44,5.63
2012.03.30 07:08:33.580,1.44412,1.44437,3.00,1.50
2012.03.30 07:08:34.141,1.44412,1.44437,1.50,1.50
2012.03.30 07:08:34.221,1.44412,1.44438,1.50,1.50
2012.03.30 07:08:34.607,1.44414,1.44438,1.50,1.50
2012.03.30 07:08:35.309,1.44413,1.44437,2.25,1.50
2012.03.30 07:08:35.602,1.4441,1.44436,1.88,2.25
2012.03.30 07:08:35.753,1.44412,1.44437,1.50,1.50
2012.03.30 07:08:37.252,1.44414,1.44441,2.25,3.00
2012.03.30 07:08:37.540,1.44416,1.44441,1.50,3.00
2012.03.30 07:08:37.756,1.44417,1.44441,1.50,2.25
2012.03.30 07:08:38.342,1.44417,1.44443,1.50,3.19
2012.03.30 07:08:39.731,1.44417,1.44444,1.50,2.25
2012.03.30 07:08:39.813,1.44417,1.44438,1.50,1.50
2012.03.30 07:08:40.085,1.44414,1.44438,1.50,2.25
2012.03.30 07:08:40.597,1.44414,1.44438,1.50,2.44
2012.03.30 07:08:40.739,1.44414,1.44434,1.50,1.50
2012.03.30 07:08:41.335,1.44414,1.44434,1.50,1.50
2012.03.30 07:08:41.422,1.44414,1.44437,1.50,2.25
2012.03.30 07:08:43.318,1.44414,1.44437,1.50,2.25
2012.03.30 07:08:44.678,1.44414,1.44437,1.50,2.25
2012.03.30 07:08:45.299,1.44412,1.44441,1.13,2.25
2012.03.30 07:08:46.933,1.44411,1.44441,1.50,2.25
2012.03.30 07:08:47.362,1.4441,1.44437,1.50,2.25
2012.03.30 07:08:47.449,1.44408,1.44437,5.63,2.44
2012.03.30 07:08:47.738,1.44412,1.44439,1.50,3.00
2012.03.30 07:08:48.295,1.44412,1.44439,1.50,1.13
2012.03.30 07:08:48.522,1.44411,1.44437,1.50,2.25
2012.03.30 07:08:48.670,1.4441,1.44438,3.75,2.25
2012.03.30 07:08:48.961,1.44413,1.44439,1.50,1.13
2012.03.30 07:08:49.260,1.44411,1.44439,1.50,1.09
2012.03.30 07:08:49.338,1.44413,1.44439,1.50,1.09
2012.03.30 07:08:49.553,1.44415,1.44439,2.25,1.47
2012.03.30 07:08:50.110,1.44415,1.44439,1.50,1.09
2012.03.30 07:08:50.188,1.44413,1.44439,1.50,1.09
2012.03.30 07:08:50.327,1.44412,1.44439,3.00,1.09
2012.03.30 07:08:50.789,1.44415,1.44439,2.25,1.09
2012.03.30 07:08:51.554,1.44413,1.44439,2.25,1.09
2012.03.30 07:08:52.165,1.44412,1.44438,1.50,1.50
2012.03.30 07:08:52.249,1.44411,1.44436,1.50,2.25
2012.03.30 07:08:52.605,1.44416,1.44442,2.25,1.58
2012.03.30 07:08:53.113,1.44419,1.44443,1.50,1.13
2012.03.30 07:08:53.728,1.44419,1.44443,2.25,1.13
2012.03.30 07:08:54.658,1.44418,1.44444,2.44,1.50
2012.03.30 07:08:54.877,1.44418,1.44444,2.44,1.50
2012.03.30 07:08:56.063,1.44418,1.44444,2.44,1.50
2012.03.30 07:08:57.524,1.4442,1.44443,1.50,1.09
2012.03.30 07:08:57.971,1.44417,1.44442,1.50,1.50
2012.03.30 07:08:58.055,1.44416,1.44441,1.50,1.50
2012.03.30 07:08:58.554,1.44417,1.44443,1.50,2.25
2012.03.30 07:08:58.708,1.44418,1.44444,3.00,1.50
2012.03.30 07:08:59.141,1.44418,1.44444,1.50,1.50
2012.03.30 07:08:59.617,1.44417,1.44435,1.13,4.50
2012.03.30 07:08:59.706,1.44411,1.44433,1.50,2.25
2012.03.30 07:09:00.555,1.44411,1.44434,1.50,1.13
2012.03.30 07:09:00.632,1.44409,1.44434,2.25,1.13
2012.03.30 07:09:01.314,1.44413,1.44434,1.50,1.13
2012.03.30 07:09:01.681,1.44414,1.44438,1.50,1.88
2012.03.30 07:09:01.767,1.44414,1.44438,1.50,1.50
2012.03.30 07:09:01.986,1.44415,1.44444,3.00,1.88
2012.03.30 07:09:02.062,1.44415,1.44444,4.43,1.88
2012.03.30 07:09:02.139,1.44415,1.44445,4.43,2.25
2012.03.30 07:09:02.295,1.44419,1.44445,1.13,2.44
2012.03.30 07:09:02.923,1.44415,1.4444,1.13,1.50
2012.03.30 07:09:03.072,1.44416,1.44442,1.13,2.25
2012.03.30 07:09:03.715,1.44417,1.44443,1.50,2.25
2012.03.30 07:09:03.863,1.44417,1.44443,1.50,1.50
2012.03.30 07:09:04.432,1.44417,1.44443,1.50,2.25
2012.03.30 07:09:05.122,1.44416,1.44444,2.25,2.25
2012.03.30 07:09:05.485,1.44413,1.44437,1.50,1.50
2012.03.30 07:09:06.232,1.44414,1.4444,1.50,1.69
2012.03.30 07:09:06.487,1.44421,1.44448,1.50,2.25
2012.03.30 07:09:06.717,1.44426,1.44451,1.50,1.13
2012.03.30 07:09:06.806,1.44423,1.44442,1.88,4.50
2012.03.30 07:09:06.896,1.44422,1.4444,1.50,1.50
2012.03.30 07:09:07.457,1.44418,1.4444,1.20,1.88
2012.03.30 07:09:07.549,1.44414,1.44439,1.50,1.50
2012.03.30 07:09:08.055,1.44414,1.4444,1.50,1.88
2012.03.30 07:09:08.347,1.44413,1.4444,2.25,1.88
2012.03.30 07:09:08.881,1.44414,1.4444,1.50,1.88
2012.03.30 07:09:09.194,1.44417,1.4444,1.50,1.13
2012.03.30 07:09:09.998,1.44421,1.4445,2.25,3.19
2012.03.30 07:09:11.147,1.44421,1.4445,3.00,3.00
2012.03.30 07:09:11.552,1.44425,1.44451,1.50,1.13
2012.03.30 07:09:11.876,1.44425,1.44451,2.25,1.13
2012.03.30 07:09:12.803,1.44425,1.44451,2.25,1.13
2012.03.30 07:09:13.861,1.44425,1.44451,2.25,1.32
2012.03.30 07:09:13.943,1.44425,1.44451,2.25,1.32
2012.03.30 07:09:14.679,1.44419,1.44448,2.25,2.25
2012.03.30 07:09:14.989,1.44421,1.44449,1.50,1.32
2012.03.30 07:09:15.559,1.44422,1.44449,1.50,2.07
2012.03.30 07:09:16.429,1.44419,1.44448,2.25,3.00
2012.03.30 07:09:17.155,1.4442,1.44447,1.50,1.50
2012.03.30 07:09:17.247,1.44422,1.44449,1.50,1.32
2012.03.30 07:09:17.476,1.44424,1.44451,3.00,1.13
2012.03.30 07:09:17.619,1.44424,1.44451,2.25,1.13
2012.03.30 07:09:19.377,1.44425,1.44451,1.50,1.13
2012.03.30 07:09:19.805,1.44422,1.4445,2.25,1.13
2012.03.30 07:09:20.510,1.44423,1.44448,1.50,1.32
2012.03.30 07:09:23.744,1.4443,1.44452,1.50,3.00
2012.03.30 07:09:23.918,1.44432,1.44453,1.50,1.95
2012.03.30 07:09:24.229,1.4443,1.44452,1.50,1.50
2012.03.30 07:09:24.449,1.44426,1.44452,1.50,1.50
2012.03.30 07:09:25.493,1.44424,1.4445,2.25,1.13
2012.03.30 07:09:25.715,1.44422,1.44451,1.50,2.63
2012.03.30 07:09:25.933,1.44424,1.44452,2.25,2.25
2012.03.30 07:09:26.431,1.44427,1.44452,2.25,1.50
2012.03.30 07:09:26.514,1.4443,1.44457,1.50,2.44
2012.03.30 07:09:26.930,1.44427,1.44451,3.38,4.50
2012.03.30 07:09:27.084,1.44422,1.44449,2.25,1.69
2012.03.30 07:09:27.593,1.44426,1.4445,2.25,1.13
2012.03.30 07:09:28.147,1.44427,1.44451,3.00,5.82
2012.03.30 07:09:28.707,1.44425,1.4445,1.50,1.69
2012.03.30 07:09:29.063,1.44423,1.44449,1.50,1.50
2012.03.30 07:09:29.136,1.4442,1.44449,3.00,3.00
2012.03.30 07:09:29.475,1.4442,1.44449,2.25,3.75
2012.03.30 07:09:31.591,1.44426,1.44449,1.50,1.50
2012.03.30 07:09:31.820,1.44426,1.44449,1.50,1.13
2012.03.30 07:09:31.913,1.4443,1.44451,4.50,1.13
2012.03.30 07:09:32.442,1.44433,1.44453,1.50,1.50
2012.03.30 07:09:32.546,1.44434,1.44462,1.50,2.22
2012.03.30 07:09:32.630,1.44432,1.44457,1.50,2.25
2012.03.30 07:09:34.213,1.44433,1.44459,2.25,1.13
2012.03.30 07:09:34.304,1.44437,1.44464,1.50,1.32
2012.03.30 07:09:34.791,1.44439,1.44464,1.50,1.32
2012.03.30 07:09:35.182,1.44436,1.44464,2.25,1.32
2012.03.30 07:09:36.058,1.44441,1.44465,1.50,1.13
2012.03.30 07:09:38.990,1.44441,1.44465,1.50,1.13
2012.03.30 07:09:39.598,1.44441,1.44466,2.25,1.69
2012.03.30 07:09:40.128,1.44439,1.44465,2.25,1.13
2012.03.30 07:09:41.729,1.44437,1.44465,2.25,1.13
2012.03.30 07:09:42.495,1.4444,1.44465,2.25,1.13
2012.03.30 07:09:43.647,1.44437,1.44466,3.00,1.69
2012.03.30 07:09:47.343,1.44442,1.44466,1.50,1.69
2012.03.30 07:09:47.969,1.44438,1.44466,2.25,3.19
2012.03.30 07:09:48.682,1.44438,1.44466,2.25,5.44
2012.03.30 07:09:48.771,1.44436,1.44463,1.50,2.44
2012.03.30 07:09:49.061,1.44436,1.44461,1.50,3.00
2012.03.30 07:09:49.635,1.44437,1.44464,3.00,1.32
2012.03.30 07:09:49.710,1.4444,1.44464,2.25,1.32
2012.03.30 07:09:49.788,1.4444,1.44464,1.50,1.32
2012.03.30 07:09:50.329,1.4444,1.44455,1.50,4.50
2012.03.30 07:09:50.426,1.44432,1.44455,1.50,4.88
2012.03.30 07:09:50.576,1.44431,1.44456,2.25,1.13
2012.03.30 07:09:50.729,1.44436,1.44462,1.50,3.19
2012.03.30 07:09:50.890,1.44437,1.44463,2.25,2.48
2012.03.30 07:09:50.981,1.44443,1.4446,4.88,1.13
2012.03.30 07:09:51.144,1.44445,1.44461,1.50,1.50
2012.03.30 07:09:51.691,1.44444,1.44466,1.13,2.25
2012.03.30 07:09:51.910,1.44444,1.44466,1.13,2.25
2012.03.30 07:09:52.771,1.44444,1.44466,1.13,2.25
2012.03.30 07:09:52.921,1.44444,1.44462,1.13,1.50
2012.03.30 07:09:53.586,1.44445,1.44464,1.50,1.50
2012.03.30 07:09:53.681,1.44445,1.44472,1.50,3.00
2012.03.30 07:09:53.764,1.44446,1.44472,1.50,1.50
2012.03.30 07:09:53.846,1.44451,1.44473,1.50,1.13
2012.03.30 07:09:54.067,1.44451,1.44476,1.50,1.50
2012.03.30 07:09:54.281,1.44452,1.44476,2.25,1.50
2012.03.30 07:09:54.885,1.44452,1.44478,1.50,2.25
2012.03.30 07:09:54.969,1.44452,1.44478,1.50,2.25
2012.03.30 07:09:55.498,1.4445,1.44478,3.38,2.25
2012.03.30 07:09:57.070,1.44459,1.44478,4.50,2.25
2012.03.30 07:09:57.167,1.44459,1.44482,4.88,1.50
2012.03.30 07:09:57.246,1.44457,1.44481,1.13,1.50
2012.03.30 07:09:57.323,1.44455,1.44481,1.50,1.50
2012.03.30 07:09:57.475,1.44458,1.44481,1.50,1.50
2012.03.30 07:09:57.686,1.44456,1.44481,1.50,1.50
2012.03.30 07:09:57.831,1.4445,1.44477,2.25,2.25
2012.03.30 07:09:58.121,1.44451,1.4448,1.50,2.25
2012.03.30 07:09:58.906,1.44451,1.44479,2.25,1.13
2012.03.30 07:09:59.307,1.44451,1.44479,2.25,1.13
2012.03.30 07:09:59.812,1.44451,1.44479,1.50,1.13
2012.03.30 07:09:59.963,1.44449,1.44474,3.00,2.25
2012.03.30 07:10:00.895,1.44447,1.44473,4.50,2.44
2012.03.30 07:10:01.194,1.44447,1.44468,4.50,2.25
2012.03.30 07:10:01.415,1.44441,1.44467,1.13,1.50
2012.03.30 07:10:01.495,1.4444,1.44467,3.38,1.50
2012.03.30 07:10:02.539,1.44441,1.44467,1.13,1.50
2012.03.30 07:10:03.016,1.44441,1.44467,1.50,1.50
2012.03.30 07:10:04.246,1.44443,1.44467,2.25,1.50
2012.03.30 07:10:04.751,1.44446,1.44472,1.50,1.29
2012.03.30 07:10:04.836,1.44448,1.44474,1.50,1.69
2012.03.30 07:10:04.976,1.44447,1.44474,1.50,1.69
2012.03.30 07:10:05.530,1.4445,1.44478,1.50,3.00
2012.03.30 07:10:06.556,1.4445,1.44478,2.25,1.50
2012.03.30 07:10:07.350,1.4445,1.44478,3.00,1.50
2012.03.30 07:10:07.856,1.44452,1.44478,1.50,1.50
2012.03.30 07:10:08.818,1.44452,1.44478,2.25,1.50
2012.03.30 07:10:09.168,1.44456,1.44478,1.50,1.50
2012.03.30 07:10:09.770,1.44452,1.44478,2.25,1.50
2012.03.30 07:10:09.925,1.44451,1.44478,1.50,3.00
2012.03.30 07:10:10.071,1.44449,1.44478,2.25,3.00
2012.03.30 07:10:10.647,1.44451,1.44476,1.50,2.25
2012.03.30 07:10:10.995,1.44451,1.44478,2.25,1.50
2012.03.30 07:10:11.791,1.44449,1.44477,2.25,2.25
2012.03.30 07:10:12.835,1.44449,1.44477,1.50,2.25
2012.03.30 07:10:13.069,1.44446,1.44473,2.25,2.25
2012.03.30 07:10:13.432,1.44447,1.44476,2.25,2.25
2012.03.30 07:10:14.372,1.44452,1.44478,1.50,2.25
2012.03.30 07:10:14.662,1.44448,1.44477,2.25,2.25
2012.03.30 07:10:17.127,1.44451,1.44478,1.50,1.88
2012.03.30 07:10:17.490,1.44449,1.44477,3.00,2.25
2012.03.30 07:10:19.221,1.44449,1.44477,2.25,2.25
2012.03.30 07:10:20.503,1.44449,1.44477,1.69,2.25
2012.03.30 07:10:20.660,1.4445,1.44478,2.25,2.25
2012.03.30 07:10:21.023,1.44452,1.44477,1.09,1.50
2012.03.30 07:10:21.679,1.44457,1.4448,4.50,3.38
2012.03.30 07:10:21.778,1.4445,1.44476,2.25,1.50
2012.03.30 07:10:21.991,1.44451,1.4448,1.50,2.25
2012.03.30 07:10:23.898,1.44452,1.44478,1.13,2.25
2012.03.30 07:10:25.013,1.44452,1.44477,1.13,1.50
2012.03.30 07:10:25.187,1.44452,1.44478,1.13,1.69
2012.03.30 07:10:26.755,1.44449,1.44478,1.88,2.44
2012.03.30 07:10:27.338,1.44447,1.44476,1.13,2.25
2012.03.30 07:10:27.446,1.44446,1.44475,1.13,2.25
2012.03.30 07:10:27.679,1.44448,1.44474,2.25,1.13
2012.03.30 07:10:27.918,1.4445,1.44479,2.25,1.50
2012.03.30 07:10:28.130,1.4445,1.44479,2.25,1.69
2012.03.30 07:10:28.693,1.4445,1.44478,2.25,2.25
2012.03.30 07:10:28.799,1.4445,1.44475,1.13,1.50
2012.03.30 07:10:28.940,1.4445,1.44479,1.13,2.25
2012.03.30 07:10:29.797,1.4445,1.44477,1.13,2.25
2012.03.30 07:10:30.150,1.44448,1.44473,1.88,1.50
2012.03.30 07:10:30.979,1.4445,1.44473,1.13,1.50
2012.03.30 07:10:31.751,1.4445,1.44477,1.13,2.63
2012.03.30 07:10:32.204,1.44448,1.44471,1.13,2.25
2012.03.30 07:10:32.349,1.44447,1.44471,1.88,2.25
2012.03.30 07:10:33.029,1.44444,1.44468,1.13,3.00
2012.03.30 07:10:33.185,1.44441,1.44468,1.91,3.00
2012.03.30 07:10:33.750,1.44439,1.44468,2.25,1.69
2012.03.30 07:10:35.001,1.44441,1.44466,1.50,1.50
2012.03.30 07:10:35.428,1.44443,1.44468,1.50,1.50
2012.03.30 07:10:37.524,1.44448,1.44478,1.50,2.25
2012.03.30 07:10:38.422,1.4444,1.44467,1.50,5.25
2012.03.30 07:10:38.768,1.4444,1.44466,1.50,3.00
2012.03.30 07:10:39.320,1.44437,1.44464,1.50,2.25
2012.03.30 07:10:44.383,1.44436,1.44462,1.50,1.50
2012.03.30 07:10:44.917,1.44436,1.44462,1.50,1.69
2012.03.30 07:10:45.709,1.44438,1.44464,1.50,2.44
2012.03.30 07:10:46.588,1.44437,1.44464,1.50,2.44
2012.03.30 07:10:53.239,1.44437,1.44464,1.50,1.50
2012.03.30 07:10:53.943,1.44445,1.44471,3.94,2.25
2012.03.30 07:10:54.462,1.44447,1.44474,2.63,1.13
2012.03.30 07:10:55.407,1.44453,1.44477,1.50,2.25
2012.03.30 07:10:55.500,1.44451,1.44477,2.25,2.44
2012.03.30 07:10:55.801,1.44449,1.44474,1.50,1.88
2012.03.30 07:10:56.674,1.44447,1.44477,3.38,3.75
2012.03.30 07:10:58.860,1.44446,1.4447,1.50,1.50
2012.03.30 07:10:59.356,1.44448,1.44473,1.13,1.88
2012.03.30 07:10:59.499,1.44448,1.44473,1.13,1.50
2012.03.30 07:10:59.776,1.44451,1.44476,1.13,1.50
2012.03.30 07:11:01.423,1.44447,1.44476,1.13,2.44
2012.03.30 07:11:03.085,1.44447,1.44473,1.88,1.50
2012.03.30 07:11:04.169,1.44441,1.44466,1.50,4.88
2012.03.30 07:11:04.676,1.44441,1.44466,1.50,6.38
2012.03.30 07:11:04.888,1.44438,1.44464,1.50,1.50
2012.03.30 07:11:04.963,1.4444,1.44464,2.25,1.50
2012.03.30 07:11:05.816,1.44444,1.44465,2.25,1.50
2012.03.30 07:11:06.247,1.44444,1.44465,2.25,1.50
2012.03.30 07:11:08.119,1.44443,1.4447,1.50,2.60
2012.03.30 07:11:08.191,1.44446,1.44472,2.25,2.44
2012.03.30 07:11:09.916,1.44447,1.44472,1.13,2.25
2012.03.30 07:11:10.554,1.44449,1.44476,1.13,2.25
2012.03.30 07:11:10.840,1.44447,1.44474,1.13,2.25
2012.03.30 07:11:11.884,1.44443,1.44469,1.50,2.25
2012.03.30 07:11:12.100,1.44443,1.44469,1.50,2.25
2012.03.30 07:11:13.301,1.44447,1.44472,1.50,2.25
2012.03.30 07:11:16.417,1.44443,1.4447,1.50,2.25
2012.03.30 07:11:21.959,1.44443,1.4447,1.50,2.25
2012.03.30 07:11:23.986,1.44443,1.4447,1.50,2.25
2012.03.30 07:11:24.618,1.44443,1.4447,1.50,2.25
2012.03.30 07:11:25.747,1.44443,1.4447,1.50,2.25
2012.03.30 07:11:27.451,1.44442,1.44461,1.13,4.50
2012.03.30 07:11:27.600,1.44439,1.44459,3.00,1.50
2012.03.30 07:11:27.681,1.44439,1.4446,1.50,1.13
2012.03.30 07:11:28.248,1.44436,1.44459,2.25,1.50
2012.03.30 07:11:28.672,1.44433,1.44459,1.50,1.50
2012.03.30 07:11:29.263,1.44433,1.44456,1.50,2.25
2012.03.30 07:11:29.775,1.44427,1.44456,1.50,2.25
2012.03.30 07:11:32.357,1.44431,1.44456,1.50,2.25
2012.03.30 07:11:32.640,1.44431,1.44456,1.50,2.25
2012.03.30 07:11:33.738,1.44429,1.44454,1.50,2.25
2012.03.30 07:11:34.982,1.44427,1.44454,1.88,2.25
2012.03.30 07:11:37.029,1.44427,1.44449,1.13,1.50
2012.03.30 07:11:37.533,1.44425,1.44451,1.50,2.25
2012.03.30 07:11:37.888,1.44423,1.44448,1.50,1.50
2012.03.30 07:11:39.667,1.44421,1.44448,2.25,1.50
2012.03.30 07:11:40.683,1.44421,1.44448,2.25,1.50
2012.03.30 07:11:40.764,1.44419,1.44446,1.69,2.63
2012.03.30 07:11:40.840,1.44419,1.44434,1.50,4.50
2012.03.30 07:11:41.483,1.44414,1.44434,2.25,4.50
2012.03.30 07:11:41.991,1.44412,1.44434,1.50,4.88
2012.03.30 07:11:42.560,1.44417,1.44433,1.50,1.50
2012.03.30 07:11:43.154,1.44415,1.44436,1.50,1.13
2012.03.30 07:11:43.244,1.44419,1.44447,2.44,1.50
2012.03.30 07:11:43.809,1.44422,1.44446,1.50,2.25
2012.03.30 07:11:44.610,1.44422,1.44446,1.50,2.25
2012.03.30 07:11:45.722,1.44418,1.44447,3.19,1.50
2012.03.30 07:11:46.044,1.44413,1.44435,1.88,4.50
2012.03.30 07:11:46.289,1.44408,1.44428,1.20,1.50
2012.03.30 07:11:46.369,1.44408,1.44426,1.20,1.50
2012.03.30 07:11:47.519,1.44403,1.44429,1.50,2.25
2012.03.30 07:11:48.410,1.44404,1.44431,1.50,2.25
2012.03.30 07:11:48.494,1.44404,1.44431,1.69,1.50
2012.03.30 07:11:48.959,1.44404,1.44429,1.69,1.50
2012.03.30 07:11:49.258,1.44404,1.44432,1.69,2.63
2012.03.30 07:11:52.428,1.44402,1.44429,2.25,2.25
2012.03.30 07:11:55.169,1.44402,1.44429,2.25,2.25
2012.03.30 07:11:55.307,1.44402,1.44429,2.25,2.25
2012.03.30 07:11:56.220,1.44407,1.44433,2.63,1.88
2012.03.30 07:11:57.060,1.44412,1.44435,1.69,5.25
2012.03.30 07:11:59.358,1.4441,1.44433,2.25,1.50
2012.03.30 07:12:00.007,1.44401,1.44424,2.25,4.50
2012.03.30 07:12:03.761,1.44399,1.44423,2.25,1.50
2012.03.30 07:12:03.860,1.44399,1.44422,2.25,1.13
2012.03.30 07:12:03.949,1.44399,1.44421,2.25,1.13
2012.03.30 07:12:04.172,1.44397,1.44419,1.50,2.82
2012.03.30 07:12:04.536,1.44397,1.44422,2.25,1.88
2012.03.30 07:12:05.480,1.44399,1.44422,2.25,1.13
2012.03.30 07:12:07.117,1.44407,1.44431,1.50,1.10
2012.03.30 07:12:07.341,1.44407,1.44431,1.50,2.25
2012.03.30 07:12:07.844,1.44407,1.44433,1.50,2.63
2012.03.30 07:12:08.834,1.44405,1.44429,1.69,1.50
2012.03.30 07:12:09.200,1.44405,1.44419,2.25,1.13
2012.03.30 07:12:09.703,1.44399,1.44419,2.25,1.13
2012.03.30 07:12:10.233,1.44403,1.44429,2.44,1.50
2012.03.30 07:12:10.314,1.44403,1.44429,2.44,1.50
2012.03.30 07:12:10.462,1.44403,1.44429,2.44,1.50
2012.03.30 07:12:10.761,1.44403,1.44429,2.25,1.50
2012.03.30 07:12:11.052,1.44403,1.44429,2.25,1.50
2012.03.30 07:12:11.126,1.44403,1.44429,2.25,1.50
2012.03.30 07:12:11.465,1.44403,1.44429,2.25,1.50
2012.03.30 07:12:12.087,1.44406,1.44429,2.25,1.50
2012.03.30 07:12:12.386,1.44406,1.44431,3.00,5.25
2012.03.30 07:12:12.461,1.44406,1.4443,3.00,1.50
2012.03.30 07:12:13.056,1.44407,1.44431,1.50,4.50
2012.03.30 07:12:14.508,1.44411,1.44432,1.50,1.13
2012.03.30 07:12:14.589,1.44411,1.44434,1.50,1.13
2012.03.30 07:12:14.955,1.44411,1.44438,1.50,1.50
2012.03.30 07:12:15.476,1.44411,1.44438,1.50,1.50
2012.03.30 07:12:16.183,1.44411,1.44436,1.50,2.25
2012.03.30 07:12:16.423,1.44411,1.44434,2.25,1.50
2012.03.30 07:12:17.039,1.44414,1.44429,2.25,1.13
2012.03.30 07:12:17.281,1.44414,1.44434,1.13,1.50
2012.03.30 07:12:17.435,1.44412,1.44434,1.88,1.50
2012.03.30 07:12:17.515,1.44412,1.44434,1.88,1.50
2012.03.30 07:12:17.972,1.44407,1.44431,1.50,1.13
2012.03.30 07:12:18.431,1.44407,1.44431,1.50,1.13
2012.03.30 07:12:18.529,1.44407,1.44433,1.50,4.88
2012.03.30 07:12:19.048,1.44402,1.44431,1.50,2.63
2012.03.30 07:12:19.123,1.44402,1.44428,1.50,2.44
2012.03.30 07:12:20.103,1.44407,1.44429,1.50,2.25
2012.03.30 07:12:20.191,1.44407,1.44432,1.50,1.50
2012.03.30 07:12:20.673,1.44403,1.44431,2.25,2.25
2012.03.30 07:12:20.761,1.44403,1.44421,2.25,4.50
2012.03.30 07:12:20.844,1.44403,1.44421,2.25,4.88
2012.03.30 07:12:21.835,1.44401,1.4442,2.25,1.13
2012.03.30 07:12:22.476,1.44402,1.4442,1.50,1.13
2012.03.30 07:12:22.969,1.44402,1.4442,1.50,1.13
2012.03.30 07:12:23.466,1.44402,1.44428,2.25,2.60
2012.03.30 07:12:23.548,1.44403,1.44431,2.25,3.69
2012.03.30 07:12:23.997,1.44406,1.44432,1.50,1.50
2012.03.30 07:12:24.085,1.44416,1.44436,1.50,4.50
2012.03.30 07:12:24.518,1.44412,1.44436,1.50,4.50
2012.03.30 07:12:24.738,1.44411,1.44436,1.50,4.50
2012.03.30 07:12:24.815,1.44411,1.44436,1.50,4.50
2012.03.30 07:12:24.967,1.44417,1.44436,1.50,4.50
2012.03.30 07:12:25.620,1.44417,1.44436,1.50,4.50
2012.03.30 07:12:29.470,1.4442,1.44436,1.50,4.50
2012.03.30 07:12:29.832,1.44427,1.44436,1.50,4.50
2012.03.30 07:12:29.986,1.44417,1.44436,3.00,4.50
2012.03.30 07:12:30.192,1.44417,1.44441,3.75,1.10
2012.03.30 07:12:30.628,1.44417,1.44445,5.25,2.63
2012.03.30 07:12:30.994,1.4442,1.44445,2.25,1.13
2012.03.30 07:12:31.489,1.4442,1.44445,2.44,1.13
2012.03.30 07:12:32.436,1.44419,1.44443,2.25,1.50
2012.03.30 07:12:32.602,1.44419,1.44443,2.25,1.50
2012.03.30 07:12:32.959,1.44417,1.44443,2.25,1.50
2012.03.30 07:12:33.103,1.44417,1.44443,2.25,1.50
2012.03.30 07:12:33.420,1.44417,1.44443,2.25,1.50
2012.03.30 07:12:34.349,1.44417,1.44443,2.25,1.50
2012.03.30 07:12:34.487,1.44417,1.44443,2.25,1.50
2012.03.30 07:12:35.006,1.44419,1.44449,1.69,3.00
2012.03.30 07:12:37.749,1.44419,1.44449,3.19,2.25
2012.03.30 07:12:38.097,1.44419,1.4444,2.25,1.50
2012.03.30 07:12:38.620,1.44415,1.4444,2.25,1.50
2012.03.30 07:12:39.722,1.44416,1.4444,2.25,1.50
2012.03.30 07:12:40.928,1.44414,1.4444,1.13,1.50
2012.03.30 07:12:42.940,1.44413,1.4444,2.63,1.50
2012.03.30 07:12:43.097,1.44421,1.44446,1.50,1.13
2012.03.30 07:12:44.300,1.4442,1.44442,1.50,2.25
2012.03.30 07:12:49.523,1.44419,1.44445,5.25,2.44
2012.03.30 07:12:50.115,1.44413,1.44439,1.16,1.50
2012.03.30 07:12:50.481,1.44405,1.44428,2.25,2.25
2012.03.30 07:12:52.114,1.44399,1.44428,3.00,2.25
2012.03.30 07:12:52.843,1.44399,1.44428,2.25,2.25
2012.03.30 07:12:54.796,1.44399,1.44427,2.25,2.25
2012.03.30 07:12:57.815,1.44402,1.44426,1.50,2.25
2012.03.30 07:13:00.815,1.44402,1.44426,1.50,2.25
2012.03.30 07:13:01.032,1.44402,1.44429,1.50,3.94
2012.03.30 07:13:01.393,1.444,1.44429,2.25,2.63
2012.03.30 07:13:01.740,1.44397,1.44424,1.50,2.25
2012.03.30 07:13:03.265,1.44398,1.44425,2.25,1.69
2012.03.30 07:13:12.425,1.444,1.44426,2.25,1.69
2012.03.30 07:13:12.703,1.44399,1.44424,2.25,1.13
2012.03.30 07:13:13.064,1.44391,1.44416,3.00,1.69
2012.03.30 07:13:13.148,1.44391,1.44415,2.25,1.50
2012.03.30 07:13:13.231,1.44388,1.44415,2.25,1.50
2012.03.30 07:13:13.920,1.44386,1.44414,2.25,2.59
2012.03.30 07:13:14.001,1.44386,1.44414,2.25,2.59
2012.03.30 07:13:14.152,1.44386,1.44414,2.25,2.59
2012.03.30 07:13:15.250,1.44388,1.44415,2.25,1.50
2012.03.30 07:13:16.052,1.44387,1.44415,1.50,3.00
2012.03.30 07:13:16.143,1.44388,1.44415,2.25,1.50
2012.03.30 07:13:16.661,1.44391,1.44416,1.50,1.50
2012.03.30 07:13:17.325,1.44387,1.44415,3.00,3.00
2012.03.30 07:13:17.677,1.44386,1.44413,3.38,1.13
2012.03.30 07:13:18.340,1.44386,1.44413,3.38,1.13
2012.03.30 07:13:18.885,1.44386,1.44415,3.38,3.19
2012.03.30 07:13:20.127,1.44386,1.44415,3.38,3.00
2012.03.30 07:13:21.729,1.44386,1.44415,3.00,3.00
2012.03.30 07:13:21.925,1.44386,1.44415,3.00,3.00
2012.03.30 07:13:23.800,1.44392,1.44417,1.50,5.63
2012.03.30 07:13:24.663,1.44394,1.44417,2.25,4.88
2012.03.30 07:13:25.141,1.44395,1.44417,2.25,4.88
2012.03.30 07:13:26.022,1.44392,1.44417,2.25,4.50
2012.03.30 07:13:26.947,1.44394,1.44421,1.50,2.60
2012.03.30 07:13:34.268,1.44394,1.44421,1.50,2.25
2012.03.30 07:13:35.013,1.44394,1.44421,1.50,2.25
2012.03.30 07:13:38.560,1.44394,1.44424,1.50,2.25
2012.03.30 07:13:39.596,1.44394,1.44421,1.50,2.25
2012.03.30 07:13:40.365,1.44394,1.44419,1.50,1.69
2012.03.30 07:13:40.670,1.44394,1.44413,1.50,1.50
2012.03.30 07:13:41.302,1.44386,1.44412,4.13,1.13
2012.03.30 07:13:41.399,1.44392,1.44415,1.50,1.13
2012.03.30 07:13:41.687,1.44391,1.44417,1.50,1.50
2012.03.30 07:13:42.608,1.44394,1.44419,2.25,1.95
2012.03.30 07:13:42.761,1.44389,1.44417,2.25,2.25
2012.03.30 07:13:43.452,1.44391,1.44419,2.25,1.50
2012.03.30 07:13:43.958,1.44391,1.44419,2.25,1.50
2012.03.30 07:13:44.913,1.44394,1.44422,2.25,1.88
2012.03.30 07:13:45.375,1.44391,1.44419,3.00,2.25
2012.03.30 07:13:47.419,1.44391,1.44419,3.00,2.25
2012.03.30 07:13:48.097,1.44391,1.44416,3.00,1.09
2012.03.30 07:13:48.192,1.44391,1.44409,2.25,4.50
2012.03.30 07:13:48.294,1.44386,1.44407,2.25,1.50
2012.03.30 07:13:49.058,1.44381,1.44407,2.25,1.50
2012.03.30 07:13:49.407,1.44385,1.4441,2.25,1.32
2012.03.30 07:13:53.077,1.44385,1.44413,2.25,1.13
2012.03.30 07:13:56.783,1.44392,1.44414,1.50,1.50
2012.03.30 07:13:57.316,1.44392,1.44416,1.88,2.25
2012.03.30 07:13:59.286,1.44392,1.44416,1.88,2.25
2012.03.30 07:14:00.552,1.44393,1.44415,2.25,2.25
2012.03.30 07:14:01.162,1.44393,1.44417,2.25,2.25
2012.03.30 07:14:01.499,1.44379,1.44404,1.13,3.19
2012.03.30 07:14:02.060,1.4438,1.44404,2.25,2.07
2012.03.30 07:14:03.032,1.4438,1.44405,2.25,1.13
2012.03.30 07:14:03.123,1.44381,1.44404,2.25,1.50
2012.03.30 07:14:03.471,1.44381,1.44405,2.25,1.13
2012.03.30 07:14:05.085,1.44384,1.44408,1.13,1.50
2012.03.30 07:14:05.426,1.44389,1.44415,3.00,1.50
2012.03.30 07:14:06.088,1.4439,1.44415,2.25,1.50
2012.03.30 07:14:06.570,1.44393,1.44421,2.25,2.44
2012.03.30 07:14:07.167,1.44392,1.44419,1.50,2.25
2012.03.30 07:14:07.579,1.44392,1.44419,1.50,2.25
2012.03.30 07:14:09.872,1.44392,1.44418,1.50,1.50
2012.03.30 07:14:10.438,1.44385,1.44414,2.25,2.25
2012.03.30 07:14:13.014,1.44385,1.44414,2.25,2.25
2012.03.30 07:14:13.097,1.44388,1.44415,2.25,1.50
2012.03.30 07:14:17.620,1.44392,1.44415,3.00,1.50
2012.03.30 07:14:17.704,1.44394,1.44415,2.25,1.50
2012.03.30 07:14:18.382,1.44398,1.44417,2.25,1.13
2012.03.30 07:14:18.888,1.44401,1.44426,2.25,1.50
2012.03.30 07:14:19.240,1.44398,1.44424,2.25,1.13
2012.03.30 07:14:19.975,1.44395,1.44414,2.25,4.88
2012.03.30 07:14:20.086,1.44392,1.44412,4.50,1.50
2012.03.30 07:14:20.608,1.44397,1.44414,2.25,5.63
2012.03.30 07:14:22.992,1.44394,1.44412,1.50,1.50
2012.03.30 07:14:23.139,1.44392,1.44412,1.50,1.50
2012.03.30 07:14:23.566,1.44385,1.44412,2.25,1.50
2012.03.30 07:14:24.349,1.44392,1.44412,1.50,1.50
2012.03.30 07:14:28.388,1.44392,1.44413,1.50,1.88
2012.03.30 07:14:28.936,1.44391,1.44422,3.00,3.19
2012.03.30 07:14:29.077,1.44391,1.44422,3.00,3.19
2012.03.30 07:14:29.347,1.44392,1.44422,1.50,2.25
2012.03.30 07:14:29.699,1.44392,1.44422,1.50,2.25
2012.03.30 07:14:29.911,1.44392,1.44422,1.50,2.25
2012.03.30 07:14:33.607,1.44391,1.4442,2.25,1.13
2012.03.30 07:14:33.758,1.4439,1.44413,1.50,2.25
2012.03.30 07:14:34.079,1.44384,1.44411,2.25,1.69
2012.03.30 07:14:34.239,1.44384,1.44411,2.25,1.50
2012.03.30 07:14:34.319,1.44391,1.44411,1.50,1.50
2012.03.30 07:14:36.133,1.44387,1.44411,3.00,1.50
2012.03.30 07:14:36.938,1.44387,1.44411,3.00,1.50
2012.03.30 07:14:37.583,1.44387,1.44411,3.00,1.50
2012.03.30 07:14:38.406,1.44391,1.44411,1.50,1.50
2012.03.30 07:14:38.768,1.44392,1.44411,3.00,1.50
2012.03.30 07:14:39.344,1.44392,1.44413,3.00,4.88
2012.03.30 07:14:40.008,1.44396,1.44413,1.50,4.88
2012.03.30 07:14:40.559,1.44392,1.44413,3.00,4.88
2012.03.30 07:14:45.989,1.44389,1.44411,2.63,1.50
2012.03.30 07:14:46.557,1.44382,1.44411,2.25,1.50
2012.03.30 07:14:51.268,1.4438,1.4441,2.25,3.19
2012.03.30 07:14:51.776,1.44379,1.44406,1.88,2.25
2012.03.30 07:14:52.435,1.44381,1.44404,1.50,1.50
2012.03.30 07:14:52.785,1.44379,1.44407,1.50,2.25
2012.03.30 07:14:54.796,1.44379,1.44402,1.50,2.25
2012.03.30 07:14:54.882,1.44379,1.44404,1.50,2.25
2012.03.30 07:14:55.522,1.44379,1.44405,1.50,2.25
2012.03.30 07:14:56.033,1.44379,1.44405,1.50,2.25
2012.03.30 07:14:56.392,1.4438,1.44405,1.09,2.25
2012.03.30 07:14:56.763,1.44379,1.44406,3.00,1.13
2012.03.30 07:14:57.312,1.44379,1.44407,1.50,2.07
2012.03.30 07:14:57.392,1.44379,1.44407,1.50,1.88
2012.03.30 07:14:57.601,1.44382,1.44408,2.25,1.13
2012.03.30 07:14:59.518,1.44383,1.44409,2.25,1.50
2012.03.30 07:15:00.215,1.44384,1.44413,2.63,3.00
2012.03.30 07:15:01.104,1.44383,1.4441,1.13,2.44
2012.03.30 07:15:01.713,1.44384,1.44412,2.25,1.13
2012.03.30 07:15:04.062,1.44383,1.44413,1.13,3.75
2012.03.30 07:15:05.490,1.44386,1.44412,1.09,2.25
2012.03.30 07:15:06.200,1.44386,1.44413,2.59,2.25
2012.03.30 07:15:07.707,1.44392,1.44418,1.50,2.25
2012.03.30 07:15:09.957,1.44393,1.4442,1.50,2.25
2012.03.30 07:15:13.758,1.44393,1.4442,1.50,2.25
2012.03.30 07:15:14.306,1.44393,1.44422,3.00,1.69
2012.03.30 07:15:16.170,1.44395,1.44422,1.50,1.69
2012.03.30 07:15:16.938,1.44393,1.44412,1.50,1.50
2012.03.30 07:15:17.016,1.44391,1.44412,3.38,1.50
2012.03.30 07:15:17.607,1.44389,1.44412,2.25,1.50
2012.03.30 07:15:19.104,1.44389,1.44412,2.25,1.50
2012.03.30 07:15:19.411,1.44388,1.44412,2.25,1.50
2012.03.30 07:15:19.497,1.44387,1.44412,3.75,1.50
2012.03.30 07:15:20.115,1.44387,1.44412,2.25,1.88
2012.03.30 07:15:20.409,1.44384,1.44412,2.25,1.50
2012.03.30 07:15:20.483,1.44384,1.44412,2.25,1.50
2012.03.30 07:15:22.375,1.44383,1.44407,3.75,2.18
2012.03.30 07:15:22.976,1.44374,1.44397,1.50,2.25
2012.03.30 07:15:23.332,1.44372,1.44398,1.13,1.88
2012.03.30 07:15:24.759,1.4437,1.44399,2.25,1.69
2012.03.30 07:15:25.091,1.44368,1.44393,3.00,1.50
2012.03.30 07:15:32.009,1.44369,1.44393,1.50,1.50
2012.03.30 07:15:32.970,1.44369,1.44398,3.00,1.88
2012.03.30 07:15:33.591,1.44374,1.44401,2.25,1.50
2012.03.30 07:15:34.170,1.4438,1.44402,2.25,1.13
2012.03.30 07:15:35.223,1.44381,1.44403,2.25,1.13
2012.03.30 07:15:35.304,1.44382,1.44409,1.50,2.63
2012.03.30 07:15:35.853,1.44388,1.44412,2.25,2.07
2012.03.30 07:15:36.230,1.44387,1.44413,2.25,1.50
2012.03.30 07:15:36.301,1.44387,1.44413,2.25,1.50
2012.03.30 07:15:36.669,1.44385,1.44403,1.50,1.50
2012.03.30 07:15:37.469,1.44379,1.44403,2.25,1.88
2012.03.30 07:15:38.515,1.44376,1.44401,2.25,1.13
2012.03.30 07:15:39.135,1.44376,1.44403,2.25,2.25
2012.03.30 07:15:39.545,1.4438,1.44408,2.25,3.00
2012.03.30 07:15:40.082,1.44381,1.44408,1.50,2.25
2012.03.30 07:15:40.186,1.44381,1.44408,1.50,1.50
2012.03.30 07:15:40.694,1.4438,1.444,2.25,1.50
2012.03.30 07:15:41.001,1.44382,1.44401,2.25,4.88
2012.03.30 07:15:41.871,1.44386,1.44403,2.25,1.13
2012.03.30 07:15:42.339,1.44386,1.44405,2.25,1.13
2012.03.30 07:15:42.435,1.44386,1.44409,2.25,1.13
2012.03.30 07:15:43.255,1.44387,1.44411,2.44,1.50
2012.03.30 07:15:46.881,1.44394,1.44411,1.50,1.50
2012.03.30 07:15:47.730,1.44391,1.44411,2.25,1.50
2012.03.30 07:15:51.746,1.44395,1.44418,1.50,1.50
2012.03.30 07:15:53.936,1.44394,1.44413,1.13,1.50
2012.03.30 07:15:54.437,1.44392,1.44413,2.25,1.50
2012.03.30 07:15:58.632,1.44395,1.44415,1.50,1.50
2012.03.30 07:16:03.333,1.44395,1.44416,6.75,1.13
2012.03.30 07:16:03.412,1.44397,1.44416,1.50,1.13
2012.03.30 07:16:03.640,1.444,1.44421,1.50,1.10
2012.03.30 07:16:04.031,1.444,1.44424,1.50,1.50
2012.03.30 07:16:04.138,1.444,1.44424,1.50,1.50
2012.03.30 07:16:04.817,1.44399,1.44429,2.25,3.75
2012.03.30 07:16:05.376,1.44399,1.44427,3.75,2.44
2012.03.30 07:16:06.465,1.44397,1.44422,1.50,1.13
2012.03.30 07:16:06.831,1.44392,1.44418,2.25,1.50
2012.03.30 07:16:07.181,1.44396,1.44418,1.50,1.50
2012.03.30 07:16:10.465,1.44392,1.44414,2.25,1.50
2012.03.30 07:16:11.264,1.44396,1.44416,2.25,1.50
2012.03.30 07:16:11.414,1.44396,1.44418,2.25,1.50
2012.03.30 07:16:11.856,1.44398,1.44418,2.25,1.50
2012.03.30 07:16:12.019,1.44398,1.44424,2.25,2.25
2012.03.30 07:16:12.605,1.44401,1.44424,1.50,2.25
2012.03.30 07:16:12.693,1.44401,1.44424,2.25,2.25
2012.03.30 07:16:13.204,1.44404,1.44424,1.50,2.25
2012.03.30 07:16:14.095,1.44402,1.44424,2.25,2.25
2012.03.30 07:16:15.426,1.44402,1.44424,1.50,2.25
2012.03.30 07:16:16.195,1.44399,1.44424,2.25,1.50
2012.03.30 07:16:17.910,1.44403,1.44424,2.25,1.50
2012.03.30 07:16:18.211,1.44406,1.44429,1.50,1.13
2012.03.30 07:16:18.650,1.44408,1.44433,1.50,1.13
2012.03.30 07:16:18.813,1.44405,1.44433,2.25,1.13
2012.03.30 07:16:21.053,1.44405,1.44433,2.25,3.38
2012.03.30 07:16:21.132,1.44407,1.44433,2.25,1.88
2012.03.30 07:16:21.282,1.44409,1.44433,2.25,1.13
2012.03.30 07:16:21.640,1.44408,1.44433,2.25,1.13
2012.03.30 07:16:22.275,1.44408,1.44433,1.50,1.13
2012.03.30 07:16:22.591,1.44406,1.44433,2.25,1.13
2012.03.30 07:16:23.158,1.44407,1.44432,1.50,1.32
2012.03.30 07:16:23.848,1.44409,1.44432,1.50,1.13
2012.03.30 07:16:23.945,1.4441,1.44432,2.25,1.13
2012.03.30 07:16:26.452,1.44408,1.44433,2.25,1.13
2012.03.30 07:16:28.996,1.44412,1.44437,3.75,1.50
2012.03.30 07:16:29.068,1.44415,1.44437,1.50,1.50
2012.03.30 07:16:29.282,1.44414,1.4444,2.25,1.50
2012.03.30 07:16:29.363,1.44417,1.4444,1.50,1.50
2012.03.30 07:16:32.001,1.44414,1.4444,3.75,1.69
2012.03.30 07:16:32.168,1.44413,1.44438,1.50,1.50
2012.03.30 07:16:34.745,1.44413,1.44438,1.50,1.50
2012.03.30 07:16:35.101,1.44418,1.44443,2.25,1.69
2012.03.30 07:16:35.571,1.44418,1.44443,2.25,1.50
2012.03.30 07:16:40.357,1.4442,1.44445,2.25,1.50
2012.03.30 07:16:40.441,1.44423,1.44445,2.25,1.50
2012.03.30 07:16:41.472,1.44422,1.44447,2.25,1.88
2012.03.30 07:16:42.051,1.44424,1.44447,2.25,1.88
2012.03.30 07:16:43.190,1.44419,1.44444,2.25,1.50
2012.03.30 07:16:45.703,1.44416,1.44444,2.25,1.13
2012.03.30 07:16:45.930,1.44424,1.44447,2.25,2.25
2012.03.30 07:16:46.157,1.44426,1.44445,2.25,1.50
2012.03.30 07:16:46.974,1.44423,1.44447,1.13,1.50
2012.03.30 07:16:47.468,1.44423,1.44447,1.13,1.50
2012.03.30 07:16:48.493,1.44423,1.44443,1.13,1.50
2012.03.30 07:16:50.163,1.44425,1.44449,1.50,1.50
2012.03.30 07:16:50.250,1.44429,1.44454,2.25,1.84
2012.03.30 07:16:51.025,1.44425,1.44456,3.00,3.00
2012.03.30 07:16:51.336,1.44425,1.44456,3.00,3.00
2012.03.30 07:16:51.836,1.44425,1.44456,3.00,3.19
2012.03.30 07:16:52.268,1.44432,1.44454,1.13,2.25
2012.03.30 07:16:52.739,1.44437,1.44457,2.25,1.50
2012.03.30 07:16:52.837,1.44429,1.44457,2.25,3.00
2012.03.30 07:16:53.818,1.44432,1.44457,2.25,1.50
2012.03.30 07:16:54.171,1.44432,1.44457,2.25,1.50
2012.03.30 07:16:54.740,1.44429,1.44457,2.25,1.50
2012.03.30 07:16:56.637,1.44429,1.44457,2.25,1.50
2012.03.30 07:16:57.698,1.4443,1.44457,2.25,1.50
2012.03.30 07:16:57.972,1.4443,1.44454,2.25,1.50
2012.03.30 07:16:58.710,1.4443,1.44454,2.25,1.50
2012.03.30 07:16:58.871,1.4443,1.44457,2.25,2.07
2012.03.30 07:17:00.638,1.4443,1.44456,2.25,1.13
2012.03.30 07:17:01.107,1.44428,1.44456,2.25,2.63
2012.03.30 07:17:01.954,1.44425,1.44453,3.00,3.00
2012.03.30 07:17:02.315,1.44425,1.44449,3.00,1.50
2012.03.30 07:17:04.977,1.44426,1.44454,2.25,1.50
2012.03.30 07:17:10.609,1.44427,1.44454,2.25,1.50
2012.03.30 07:17:10.760,1.44427,1.44448,2.25,1.50
2012.03.30 07:17:11.127,1.44428,1.44457,2.25,1.50
2012.03.30 07:17:11.274,1.44426,1.44443,1.50,1.50
2012.03.30 07:17:11.974,1.44419,1.44443,2.25,1.50
2012.03.30 07:17:12.485,1.44427,1.44454,1.50,1.50
2012.03.30 07:17:12.707,1.44427,1.44454,2.25,1.50
2012.03.30 07:17:12.864,1.44427,1.44454,2.25,1.50
2012.03.30 07:17:13.486,1.44426,1.44454,2.25,1.88
2012.03.30 07:17:13.788,1.44425,1.44454,2.25,1.88
2012.03.30 07:17:15.268,1.44428,1.44455,2.25,1.50
2012.03.30 07:17:15.840,1.44428,1.44454,2.25,1.50
2012.03.30 07:17:16.270,1.44428,1.44448,2.25,1.50
2012.03.30 07:17:17.814,1.44423,1.44447,1.50,2.25
2012.03.30 07:17:17.890,1.44423,1.44444,1.50,1.50
2012.03.30 07:17:18.177,1.44423,1.44448,1.50,3.19
2012.03.30 07:17:19.305,1.44423,1.44448,1.50,3.00
2012.03.30 07:17:20.178,1.44423,1.44445,1.50,3.00
2012.03.30 07:17:21.120,1.44416,1.44444,2.25,1.50
2012.03.30 07:17:21.194,1.44416,1.44442,2.25,1.50
2012.03.30 07:17:21.278,1.44416,1.44439,2.25,1.50
2012.03.30 07:17:21.364,1.44413,1.44439,2.25,1.88
2012.03.30 07:17:21.445,1.44413,1.44436,2.25,5.63
2012.03.30 07:17:22.212,1.44413,1.44434,2.25,1.50
2012.03.30 07:17:22.915,1.44413,1.44429,2.25,4.50
2012.03.30 07:17:23.134,1.44413,1.44429,1.50,4.50
2012.03.30 07:17:23.219,1.44413,1.44429,2.25,4.50
2012.03.30 07:17:23.896,1.44411,1.44432,2.25,1.13
2012.03.30 07:17:23.987,1.44411,1.44436,2.25,1.13
2012.03.30 07:17:24.131,1.44411,1.44437,2.25,1.13
2012.03.30 07:17:25.504,1.44414,1.44437,2.25,1.13
2012.03.30 07:17:26.262,1.44409,1.44435,1.50,2.63
2012.03.30 07:17:27.899,1.44409,1.44434,3.00,1.50
2012.03.30 07:17:28.638,1.44409,1.44436,3.00,1.13
2012.03.30 07:17:28.732,1.44414,1.4444,2.25,1.69
2012.03.30 07:17:29.303,1.44411,1.44439,1.13,2.44
2012.03.30 07:17:30.701,1.4441,1.44435,1.13,1.50
2012.03.30 07:17:35.610,1.4441,1.44435,1.13,2.25
2012.03.30 07:17:36.176,1.44408,1.44434,1.50,1.13
2012.03.30 07:17:41.611,1.44406,1.44433,1.50,1.88
2012.03.30 07:17:41.889,1.44406,1.44433,1.50,2.25
2012.03.30 07:17:42.204,1.44404,1.44422,1.50,4.50
2012.03.30 07:17:42.719,1.44403,1.44421,2.25,1.13
2012.03.30 07:17:42.818,1.44398,1.44423,1.50,1.69
2012.03.30 07:17:43.124,1.44394,1.44414,1.13,1.50
2012.03.30 07:17:43.670,1.44392,1.44415,1.13,2.25
2012.03.30 07:17:44.520,1.44391,1.44415,1.50,1.50
2012.03.30 07:17:44.607,1.44394,1.44418,1.13,2.25
2012.03.30 07:17:45.035,1.44397,1.44419,1.13,1.50
2012.03.30 07:17:45.803,1.44397,1.44418,1.13,2.25
2012.03.30 07:17:46.452,1.44397,1.44419,1.13,2.25
2012.03.30 07:17:46.814,1.44397,1.44421,1.13,2.25
2012.03.30 07:17:48.515,1.44397,1.44424,1.13,1.50
2012.03.30 07:17:51.697,1.44402,1.44431,1.50,2.44
2012.03.30 07:17:52.212,1.44402,1.44431,1.50,2.25
2012.03.30 07:17:53.025,1.44402,1.44426,2.25,2.25
2012.03.30 07:17:54.112,1.44402,1.44427,1.50,2.44
2012.03.30 07:17:54.722,1.44402,1.44425,1.50,2.25
2012.03.30 07:17:54.820,1.44402,1.44428,1.50,3.00
2012.03.30 07:17:59.198,1.44402,1.44425,1.50,2.25
2012.03.30 07:18:00.873,1.44402,1.44425,1.50,2.25
2012.03.30 07:18:01.442,1.44402,1.44428,1.50,2.25
2012.03.30 07:18:06.102,1.44402,1.44429,1.50,3.19
2012.03.30 07:18:06.275,1.44405,1.4443,2.25,1.13
2012.03.30 07:18:06.773,1.44408,1.44433,2.25,1.13
2012.03.30 07:18:07.061,1.44408,1.44433,2.25,1.13
2012.03.30 07:18:10.445,1.44407,1.44434,3.00,1.50
2012.03.30 07:18:11.986,1.44408,1.44431,2.25,1.13
2012.03.30 07:18:14.056,1.44404,1.44428,2.25,1.13
2012.03.30 07:18:14.363,1.44404,1.44428,2.25,1.13
2012.03.30 07:18:14.441,1.44404,1.44428,2.25,1.13
2012.03.30 07:18:14.786,1.44399,1.44425,1.50,3.00
2012.03.30 07:18:18.268,1.44397,1.44421,2.25,1.13
2012.03.30 07:18:18.480,1.44393,1.44421,1.69,1.13
2012.03.30 07:18:18.633,1.44393,1.4442,1.69,1.13
2012.03.30 07:18:25.021,1.44391,1.44416,3.75,1.13
2012.03.30 07:18:37.639,1.44391,1.44419,4.50,1.13
2012.03.30 07:18:38.088,1.44391,1.44421,3.94,2.63
2012.03.30 07:18:41.254,1.44391,1.44417,1.50,2.25
2012.03.30 07:18:41.749,1.44393,1.44421,2.25,1.13
2012.03.30 07:18:42.453,1.44387,1.44415,1.50,6.00
2012.03.30 07:18:42.954,1.44388,1.44417,2.25,1.09
2012.03.30 07:18:43.448,1.44388,1.44417,2.25,1.88
2012.03.30 07:18:45.440,1.44393,1.44417,1.50,1.50
2012.03.30 07:18:48.861,1.4439,1.44417,2.25,1.50
2012.03.30 07:18:49.992,1.44393,1.44418,2.25,1.50
2012.03.30 07:18:50.563,1.44396,1.44418,2.25,1.50
2012.03.30 07:18:51.684,1.44395,1.4442,1.50,2.25
2012.03.30 07:18:51.759,1.44395,1.44419,1.50,2.25
2012.03.30 07:18:55.168,1.44394,1.44421,1.50,2.25
2012.03.30 07:19:02.009,1.44394,1.44424,1.50,2.25
2012.03.30 07:19:04.318,1.44404,1.44426,2.25,1.13
2012.03.30 07:19:09.286,1.44402,1.44429,2.25,1.50
2012.03.30 07:19:09.374,1.44402,1.44432,2.25,1.13
2012.03.30 07:19:09.746,1.44407,1.44435,2.25,2.59
2012.03.30 07:19:10.118,1.44407,1.44435,2.25,2.59
2012.03.30 07:19:10.656,1.44405,1.44434,3.75,2.25
2012.03.30 07:19:10.746,1.44408,1.44435,2.25,1.88
2012.03.30 07:19:11.937,1.44406,1.44433,3.00,1.13
2012.03.30 07:19:20.471,1.44404,1.44432,2.44,2.25
2012.03.30 07:19:21.597,1.44407,1.44435,2.25,3.00
2012.03.30 07:19:22.192,1.44407,1.44435,2.25,3.00
2012.03.30 07:19:24.600,1.44409,1.44435,2.25,1.50
2012.03.30 07:19:27.170,1.44412,1.44435,2.25,1.50
2012.03.30 07:19:28.202,1.44415,1.44436,2.25,1.50
2012.03.30 07:19:30.972,1.44417,1.44437,2.25,4.88
2012.03.30 07:19:33.979,1.44417,1.4444,1.50,1.13
2012.03.30 07:19:34.259,1.44418,1.44446,2.25,2.25
2012.03.30 07:19:34.860,1.44418,1.44446,2.25,2.25
2012.03.30 07:19:35.213,1.44418,1.44446,2.25,2.25
2012.03.30 07:19:41.412,1.44419,1.44446,1.50,2.25
2012.03.30 07:19:41.635,1.4442,1.44448,2.25,1.13
2012.03.30 07:19:42.436,1.44421,1.44446,1.50,2.82
2012.03.30 07:19:42.778,1.44424,1.44444,1.50,1.13
2012.03.30 07:19:43.232,1.44422,1.44444,1.50,1.13
2012.03.30 07:19:44.511,1.44422,1.44443,1.50,2.25
2012.03.30 07:19:45.698,1.44422,1.44439,1.50,1.50
2012.03.30 07:19:45.774,1.44417,1.44438,1.50,1.50
2012.03.30 07:19:46.612,1.44417,1.44438,1.50,1.69
2012.03.30 07:19:47.172,1.44408,1.44433,1.50,2.25
2012.03.30 07:19:47.253,1.44406,1.44429,2.25,1.50
2012.03.30 07:19:47.541,1.44406,1.44433,1.50,2.25
2012.03.30 07:19:47.693,1.44406,1.44429,1.50,2.25
2012.03.30 07:19:49.364,1.44417,1.44436,1.50,1.50
2012.03.30 07:19:49.679,1.44421,1.44438,1.50,1.50
2012.03.30 07:19:50.188,1.44422,1.44446,1.50,2.44
2012.03.30 07:19:51.039,1.44421,1.44444,1.50,2.25
2012.03.30 07:19:51.309,1.4442,1.44444,1.50,2.25
2012.03.30 07:19:51.527,1.44422,1.44448,1.50,1.69
2012.03.30 07:19:52.020,1.44422,1.44445,1.50,2.25
2012.03.30 07:19:52.805,1.44417,1.44444,1.50,1.13
2012.03.30 07:19:53.232,1.44412,1.44436,2.25,1.50
2012.03.30 07:19:55.435,1.44412,1.44436,1.50,1.50
2012.03.30 07:19:56.446,1.44415,1.44436,1.50,1.50
2012.03.30 07:19:56.619,1.44416,1.44438,2.25,2.25
2012.03.30 07:19:57.206,1.44427,1.44449,1.50,1.13
2012.03.30 07:19:57.707,1.44422,1.44449,3.00,1.13
2012.03.30 07:19:57.790,1.44422,1.44449,3.00,1.32
2012.03.30 07:19:58.600,1.44424,1.44448,1.50,2.25
2012.03.30 07:20:01.683,1.44423,1.44449,2.25,1.13
2012.03.30 07:20:02.041,1.44422,1.44448,1.50,1.13
2012.03.30 07:20:04.858,1.44424,1.44449,1.50,1.13
2012.03.30 07:20:05.142,1.44426,1.44449,1.50,1.13
2012.03.30 07:20:05.429,1.44426,1.44449,1.50,1.13
2012.03.30 07:20:05.780,1.44426,1.44449,1.50,1.13
2012.03.30 07:20:06.816,1.44425,1.44449,2.25,1.13
2012.03.30 07:20:06.899,1.44427,1.44448,1.50,2.25
2012.03.30 07:20:07.667,1.44427,1.44449,1.50,1.13
2012.03.30 07:20:09.137,1.44427,1.44449,1.50,1.13
2012.03.30 07:20:09.511,1.44429,1.4445,1.50,1.88
2012.03.30 07:20:09.591,1.44432,1.4445,1.50,1.50
2012.03.30 07:20:10.755,1.44432,1.44451,1.50,1.50
2012.03.30 07:20:11.391,1.44437,1.44463,2.25,1.50
2012.03.30 07:20:11.544,1.44437,1.44463,4.13,1.13
2012.03.30 07:20:11.764,1.44441,1.44464,1.50,1.50
2012.03.30 07:20:13.041,1.44446,1.44469,1.50,1.10
2012.03.30 07:20:13.558,1.44446,1.44474,3.00,1.32
2012.03.30 07:20:13.908,1.44444,1.44467,1.13,1.13
2012.03.30 07:20:14.442,1.44447,1.44468,1.50,2.25
2012.03.30 07:20:14.537,1.44441,1.44465,1.50,1.50
2012.03.30 07:20:14.888,1.44436,1.44465,1.13,1.50
2012.03.30 07:20:15.031,1.44435,1.44465,2.25,1.50
2012.03.30 07:20:17.752,1.4444,1.44465,1.50,1.13
2012.03.30 07:20:17.842,1.4444,1.44465,2.25,1.13
2012.03.30 07:20:18.567,1.44442,1.44465,1.50,1.13
2012.03.30 07:20:19.121,1.4444,1.44465,2.25,1.13
2012.03.30 07:20:19.272,1.44442,1.44465,1.50,1.13
2012.03.30 07:20:19.420,1.44438,1.44465,3.19,1.13
2012.03.30 07:20:19.702,1.44441,1.44457,1.50,4.50
2012.03.30 07:20:19.997,1.44436,1.4446,1.50,1.50
2012.03.30 07:20:20.073,1.44436,1.44457,1.50,2.25
2012.03.30 07:20:20.644,1.44442,1.44465,1.13,2.25
2012.03.30 07:20:21.142,1.44446,1.44465,4.50,2.25
2012.03.30 07:20:21.240,1.44451,1.44475,1.50,1.13
2012.03.30 07:20:21.742,1.44449,1.44475,2.44,1.13
2012.03.30 07:20:21.824,1.44449,1.44475,2.44,1.13
2012.03.30 07:20:21.911,1.44454,1.4448,1.50,1.88
2012.03.30 07:20:21.999,1.44454,1.4448,2.44,1.50
2012.03.30 07:20:22.139,1.44457,1.4448,2.25,1.50
2012.03.30 07:20:22.815,1.44459,1.4448,1.50,1.50
2012.03.30 07:20:22.888,1.44452,1.4448,2.97,1.50
2012.03.30 07:20:27.423,1.44459,1.4448,1.50,1.50
2012.03.30 07:20:27.645,1.44464,1.44484,1.13,1.50
2012.03.30 07:20:27.731,1.44464,1.44484,2.07,1.50
2012.03.30 07:20:27.896,1.44469,1.4449,1.50,1.50
2012.03.30 07:20:28.115,1.44471,1.4449,1.50,1.50
2012.03.30 07:20:28.198,1.44474,1.44496,1.50,1.50
2012.03.30 07:20:28.949,1.4448,1.44499,4.50,1.50
2012.03.30 07:20:29.087,1.44482,1.44506,1.50,1.50
2012.03.30 07:20:30.414,1.44482,1.44507,3.00,1.50
2012.03.30 07:20:31.176,1.44482,1.44507,1.50,1.50
2012.03.30 07:20:34.217,1.44482,1.44507,1.50,1.50
2012.03.30 07:20:34.289,1.44482,1.44507,1.50,1.50
2012.03.30 07:20:35.312,1.44483,1.4451,2.25,1.50
2012.03.30 07:20:35.467,1.44483,1.4451,2.25,2.93
2012.03.30 07:20:35.543,1.44481,1.44509,3.00,3.00
2012.03.30 07:20:39.583,1.4448,1.44503,5.25,1.50
2012.03.30 07:20:40.347,1.4448,1.44502,4.50,1.69
2012.03.30 07:20:40.426,1.44476,1.44498,1.50,1.50
2012.03.30 07:20:40.500,1.4447,1.44498,2.25,1.50
2012.03.30 07:20:42.404,1.4447,1.44498,2.25,2.25
2012.03.30 07:20:42.961,1.44468,1.44493,3.75,1.50
2012.03.30 07:20:43.880,1.44471,1.44493,1.50,1.50
2012.03.30 07:20:44.548,1.44471,1.44496,2.25,1.50
2012.03.30 07:20:47.050,1.4447,1.44494,1.50,1.50
2012.03.30 07:20:47.607,1.44471,1.44494,1.50,1.50
2012.03.30 07:20:48.079,1.44472,1.44493,1.50,1.50
2012.03.30 07:20:48.676,1.44469,1.44486,1.50,1.50
2012.03.30 07:20:48.787,1.44457,1.44484,2.25,1.13
2012.03.30 07:20:48.876,1.44457,1.44484,2.25,1.13
2012.03.30 07:20:49.408,1.44457,1.44483,2.25,1.50
2012.03.30 07:20:50.340,1.44462,1.44484,2.25,1.13
2012.03.30 07:20:50.713,1.44477,1.44493,1.88,3.28
2012.03.30 07:20:50.884,1.44477,1.44498,2.63,2.25
2012.03.30 07:20:51.069,1.44478,1.44504,1.05,1.50
2012.03.30 07:20:51.640,1.44482,1.44504,1.50,1.50
2012.03.30 07:20:51.736,1.44483,1.44506,2.25,1.50
2012.03.30 07:20:52.240,1.44486,1.44507,2.25,1.50
2012.03.30 07:20:53.057,1.44486,1.44507,2.25,1.13
2012.03.30 07:20:55.729,1.44486,1.44508,2.25,1.13
2012.03.30 07:20:56.707,1.44488,1.44509,2.25,1.50
2012.03.30 07:20:58.770,1.44481,1.44508,2.25,1.50
2012.03.30 07:20:59.004,1.44484,1.44509,2.25,2.63
2012.03.30 07:21:01.836,1.4448,1.44506,2.25,1.13
2012.03.30 07:21:02.544,1.44486,1.44509,2.25,2.25
2012.03.30 07:21:02.654,1.44487,1.44509,1.50,1.50
2012.03.30 07:21:03.156,1.44492,1.44511,1.50,1.50
2012.03.30 07:21:03.513,1.44487,1.44511,3.00,1.50
2012.03.30 07:21:04.537,1.44487,1.44509,3.00,1.50
2012.03.30 07:21:04.994,1.44486,1.44511,1.50,3.00
2012.03.30 07:21:05.413,1.44484,1.44508,1.13,1.50
2012.03.30 07:21:07.052,1.44479,1.44505,2.25,1.50
2012.03.30 07:21:07.633,1.44482,1.44509,1.50,3.00
2012.03.30 07:21:08.963,1.44482,1.44508,1.50,1.50
2012.03.30 07:21:09.055,1.44483,1.44508,1.50,1.50
2012.03.30 07:21:09.740,1.44483,1.44508,2.25,1.50
2012.03.30 07:21:10.471,1.44481,1.44506,3.00,1.50
2012.03.30 07:21:13.965,1.44482,1.44507,1.50,1.50
2012.03.30 07:21:14.062,1.44485,1.44506,2.25,1.50
2012.03.30 07:21:16.565,1.44493,1.44511,1.50,1.50
2012.03.30 07:21:17.082,1.44493,1.44513,1.50,1.50
2012.03.30 07:21:18.607,1.44494,1.44515,2.25,1.50
2012.03.30 07:21:18.945,1.44502,1.44522,1.50,1.13
2012.03.30 07:21:19.787,1.44508,1.44525,1.50,1.50
2012.03.30 07:21:19.861,1.44507,1.44525,1.50,1.50
2012.03.30 07:21:20.760,1.44505,1.44528,3.00,1.13
2012.03.30 07:21:21.430,1.44505,1.44532,3.00,1.88
2012.03.30 07:21:22.402,1.44504,1.44528,1.50,1.69
2012.03.30 07:21:22.939,1.44505,1.44528,1.50,1.50
2012.03.30 07:21:23.411,1.44505,1.44529,1.50,1.50
2012.03.30 07:21:23.774,1.44505,1.44529,1.50,3.00
2012.03.30 07:21:24.801,1.44501,1.44524,1.50,1.50
2012.03.30 07:21:25.363,1.44498,1.44521,1.88,1.50
2012.03.30 07:21:26.021,1.44501,1.44523,1.50,1.50
2012.03.30 07:21:28.231,1.44502,1.44523,1.50,1.50
2012.03.30 07:21:28.380,1.44503,1.44525,1.50,2.25
2012.03.30 07:21:29.062,1.44504,1.44526,1.50,1.50
2012.03.30 07:21:29.635,1.44506,1.44526,1.50,1.50
2012.03.30 07:21:29.724,1.44507,1.44526,1.50,1.50
2012.03.30 07:21:29.802,1.44509,1.44526,1.50,1.50
2012.03.30 07:21:29.955,1.44509,1.44526,2.25,1.50
2012.03.30 07:21:30.243,1.44508,1.44531,1.50,1.13
2012.03.30 07:21:30.809,1.4451,1.44535,1.50,1.13
2012.03.30 07:21:31.350,1.44511,1.44536,2.25,1.88
2012.03.30 07:21:31.799,1.44508,1.44536,1.50,1.88
2012.03.30 07:21:32.485,1.44513,1.44535,1.50,2.25
2012.03.30 07:21:32.816,1.44508,1.44534,1.50,2.25
2012.03.30 07:21:33.041,1.44507,1.44532,1.50,1.69
2012.03.30 07:21:34.420,1.44502,1.44526,3.00,1.50
2012.03.30 07:21:35.204,1.44502,1.44526,2.25,1.50
2012.03.30 07:21:35.297,1.44498,1.44525,1.13,2.25
2012.03.30 07:21:35.891,1.44498,1.44524,1.13,1.50
2012.03.30 07:21:36.327,1.44498,1.44524,1.13,1.50
2012.03.30 07:21:37.237,1.44509,1.44528,1.50,1.50
2012.03.30 07:21:37.330,1.44509,1.44533,1.50,2.25
2012.03.30 07:21:37.628,1.44509,1.44535,1.50,1.50
2012.03.30 07:21:41.546,1.44511,1.44533,1.50,1.13
2012.03.30 07:21:45.829,1.44513,1.44532,1.50,1.50
2012.03.30 07:21:46.450,1.44517,1.44534,1.50,4.50
2012.03.30 07:21:46.937,1.44517,1.44533,1.50,1.50
2012.03.30 07:21:47.020,1.4452,1.44539,1.50,1.50
2012.03.30 07:21:47.108,1.44521,1.44542,1.50,1.50
2012.03.30 07:21:47.197,1.4452,1.44542,2.25,1.50
2012.03.30 07:21:48.053,1.44526,1.44544,1.50,1.50
2012.03.30 07:21:48.352,1.44531,1.44552,1.50,1.50
2012.03.30 07:21:48.575,1.44537,1.44554,1.50,1.50
2012.03.30 07:21:48.656,1.44532,1.44554,2.25,1.50
2012.03.30 07:21:48.808,1.44535,1.44553,1.50,1.50
2012.03.30 07:21:49.599,1.44536,1.44554,1.50,1.50
2012.03.30 07:21:49.731,1.44542,1.44567,1.50,1.50
2012.03.30 07:21:49.898,1.44543,1.44567,2.25,1.50
2012.03.30 07:21:49.974,1.44543,1.44568,2.25,1.50
2012.03.30 07:21:50.130,1.44542,1.44565,1.50,1.50
2012.03.30 07:21:50.924,1.44544,1.44565,2.25,1.69
2012.03.30 07:21:51.239,1.4454,1.44558,1.50,2.25
2012.03.30 07:21:51.541,1.44541,1.44558,1.50,1.50
2012.03.30 07:21:52.569,1.44537,1.44559,2.25,1.50
2012.03.30 07:21:53.336,1.44541,1.4456,1.50,4.50
2012.03.30 07:21:54.720,1.44536,1.44561,2.25,1.88
2012.03.30 07:21:55.231,1.44536,1.4456,2.25,1.50
2012.03.30 07:21:55.415,1.44536,1.44561,2.25,1.88
2012.03.30 07:21:55.780,1.44536,1.4456,1.88,1.50
2012.03.30 07:21:56.026,1.44536,1.44557,1.13,1.50
2012.03.30 07:21:56.746,1.44526,1.44552,1.20,2.25
2012.03.30 07:21:56.994,1.44527,1.4455,1.50,1.13
2012.03.30 07:21:57.749,1.44527,1.4455,1.50,2.25
2012.03.30 07:21:58.519,1.44526,1.44548,1.50,2.44
2012.03.30 07:21:59.347,1.44526,1.4455,1.50,2.25
2012.03.30 07:21:59.944,1.44526,1.44551,1.50,1.50
2012.03.30 07:22:00.448,1.44526,1.44551,1.50,1.50
2012.03.30 07:22:01.891,1.44531,1.44551,1.50,1.69
2012.03.30 07:22:02.453,1.44532,1.44551,1.50,1.69
2012.03.30 07:22:03.017,1.44531,1.44551,1.50,1.50
2012.03.30 07:22:03.146,1.44531,1.44551,1.50,1.50
2012.03.30 07:22:03.419,1.44531,1.44551,1.50,1.50
2012.03.30 07:22:04.579,1.44527,1.44553,1.50,2.63
2012.03.30 07:22:04.860,1.44527,1.44553,1.50,2.63
2012.03.30 07:22:05.140,1.44523,1.4455,1.50,3.00
2012.03.30 07:22:09.691,1.44527,1.4455,1.50,3.00
2012.03.30 07:22:10.129,1.44527,1.4455,1.50,2.25
2012.03.30 07:22:10.678,1.44532,1.44555,1.50,3.00
2012.03.30 07:22:10.978,1.44528,1.44555,1.50,3.38
2012.03.30 07:22:11.051,1.44526,1.44553,1.50,2.25
2012.03.30 07:22:11.918,1.44523,1.44548,1.50,1.13
2012.03.30 07:22:14.402,1.44523,1.44548,1.50,1.13
2012.03.30 07:22:17.311,1.44527,1.44551,1.50,1.13
2012.03.30 07:22:19.976,1.44527,1.44548,1.50,1.13
2012.03.30 07:22:23.448,1.44527,1.44552,1.50,1.50
2012.03.30 07:22:23.753,1.44536,1.44555,1.50,1.50
2012.03.30 07:22:23.839,1.44536,1.44557,1.50,2.25
2012.03.30 07:22:24.399,1.44536,1.44557,3.00,1.50
2012.03.30 07:22:25.270,1.44536,1.44557,3.00,1.50
2012.03.30 07:22:26.286,1.44536,1.44557,2.25,1.50
2012.03.30 07:22:26.612,1.44534,1.44554,1.13,5.25
2012.03.30 07:22:27.128,1.44534,1.44552,1.13,1.50
2012.03.30 07:22:27.221,1.44527,1.44552,2.25,1.50
2012.03.30 07:22:27.582,1.44526,1.44552,1.95,1.50
2012.03.30 07:22:39.223,1.44532,1.44552,1.50,1.50
2012.03.30 07:22:39.584,1.44532,1.44552,1.50,1.50
2012.03.30 07:22:40.303,1.44528,1.44552,2.25,1.50
2012.03.30 07:22:47.034,1.44528,1.44552,2.25,1.50
2012.03.30 07:22:48.295,1.44531,1.44552,1.50,1.50
2012.03.30 07:22:49.244,1.44531,1.44553,1.50,1.50
2012.03.30 07:22:49.744,1.44531,1.44552,1.50,1.50
2012.03.30 07:22:50.743,1.44536,1.44555,1.50,1.50
2012.03.30 07:22:50.825,1.44536,1.44555,1.50,1.50
2012.03.30 07:22:51.396,1.44536,1.44557,1.50,1.13
2012.03.30 07:22:51.845,1.44532,1.44557,2.25,1.13
2012.03.30 07:22:54.312,1.44532,1.44557,2.25,1.13
2012.03.30 07:23:00.663,1.44532,1.44554,1.50,3.00
2012.03.30 07:23:04.342,1.44526,1.44553,2.25,1.88
2012.03.30 07:23:04.416,1.44526,1.44545,1.50,1.50
2012.03.30 07:23:04.491,1.44526,1.44537,1.50,4.50
2012.03.30 07:23:04.607,1.4452,1.44537,2.28,4.50
2012.03.30 07:23:04.768,1.4452,1.44535,1.16,1.50
2012.03.30 07:23:04.997,1.44514,1.44535,2.25,1.50
2012.03.30 07:23:05.214,1.44512,1.44537,2.25,4.88
2012.03.30 07:23:08.012,1.44524,1.44537,1.50,4.88
2012.03.30 07:23:08.610,1.44526,1.44547,2.25,1.50
2012.03.30 07:23:08.706,1.44526,1.44547,2.25,1.50
2012.03.30 07:23:09.303,1.44526,1.44547,2.25,1.50
2012.03.30 07:23:09.681,1.44522,1.44535,1.50,1.50
2012.03.30 07:23:10.229,1.44518,1.44536,1.13,4.50
2012.03.30 07:23:10.324,1.44516,1.44541,1.50,3.00
2012.03.30 07:23:10.495,1.4452,1.44543,2.44,1.50
2012.03.30 07:23:10.646,1.44527,1.44547,2.25,2.63
2012.03.30 07:23:11.005,1.44531,1.4455,1.50,1.13
2012.03.30 07:23:11.081,1.44531,1.44554,1.50,1.50
2012.03.30 07:23:11.233,1.44531,1.44554,1.50,1.50
2012.03.30 07:23:11.800,1.44536,1.44559,3.00,1.50
2012.03.30 07:23:12.080,1.44537,1.44559,2.25,1.50
2012.03.30 07:23:12.501,1.44537,1.44548,2.25,4.50
2012.03.30 07:23:12.663,1.44534,1.44548,1.50,5.07
2012.03.30 07:23:13.025,1.44528,1.44551,2.25,1.50
2012.03.30 07:23:13.101,1.44527,1.44551,2.25,1.50
2012.03.30 07:23:13.619,1.44526,1.44549,2.25,1.50
2012.03.30 07:23:13.982,1.44534,1.4455,1.50,1.50
2012.03.30 07:23:14.518,1.4453,1.44551,2.25,1.50
2012.03.30 07:23:14.604,1.4453,1.44554,2.25,1.50
2012.03.30 07:23:15.249,1.44525,1.44554,2.25,1.50
2012.03.30 07:23:17.473,1.44528,1.44552,2.25,1.50
2012.03.30 07:23:19.057,1.44522,1.44549,2.25,1.50
2012.03.30 07:23:20.318,1.44525,1.44552,2.25,1.50
2012.03.30 07:23:22.790,1.44521,1.44551,2.25,3.75
2012.03.30 07:23:22.899,1.44521,1.44549,2.25,2.25
2012.03.30 07:23:23.064,1.44518,1.44542,2.63,5.25
2012.03.30 07:23:23.153,1.44516,1.4454,2.25,1.50
2012.03.30 07:23:23.990,1.44523,1.44542,2.25,4.50
2012.03.30 07:23:24.135,1.44525,1.44546,2.25,1.10
2012.03.30 07:23:24.421,1.44526,1.44547,2.25,1.10
2012.03.30 07:23:24.932,1.4453,1.44554,2.25,3.00
2012.03.30 07:23:25.895,1.44522,1.44547,2.25,2.60
2012.03.30 07:23:30.251,1.44515,1.44542,2.25,1.50
2012.03.30 07:23:30.946,1.44515,1.44542,2.25,1.50
2012.03.30 07:23:31.508,1.44522,1.44542,2.25,1.50
2012.03.30 07:23:33.911,1.44522,1.44542,1.50,1.50
2012.03.30 07:23:34.068,1.4452,1.44542,2.25,1.50
2012.03.30 07:23:35.652,1.44519,1.44543,1.50,1.50
2012.03.30 07:23:35.745,1.44519,1.44544,1.50,2.25
2012.03.30 07:23:35.981,1.44519,1.44543,1.50,2.25
2012.03.30 07:23:36.132,1.44517,1.44539,4.50,1.50
2012.03.30 07:23:36.225,1.44514,1.44537,1.16,1.50
2012.03.30 07:23:36.807,1.44506,1.44534,1.32,1.50
2012.03.30 07:23:36.886,1.44507,1.44534,1.13,1.50
2012.03.30 07:23:37.452,1.44508,1.44534,2.25,1.50
2012.03.30 07:23:38.350,1.44507,1.4453,1.13,1.50
2012.03.30 07:23:38.851,1.44507,1.4453,1.13,1.50
2012.03.30 07:23:38.995,1.44507,1.4453,1.13,1.50
2012.03.30 07:23:39.563,1.44505,1.44525,1.50,1.50
2012.03.30 07:23:40.263,1.44504,1.44525,3.00,1.50
2012.03.30 07:23:40.841,1.44503,1.44523,4.50,1.50
2012.03.30 07:23:41.127,1.44499,1.44523,1.16,1.50
2012.03.30 07:23:41.205,1.44499,1.44523,1.16,1.50
2012.03.30 07:23:41.857,1.44495,1.44514,1.13,1.50
2012.03.30 07:23:42.609,1.44492,1.44514,1.13,1.50
2012.03.30 07:23:42.823,1.44491,1.44512,1.50,1.50
2012.03.30 07:23:42.901,1.44491,1.44512,1.50,1.50
2012.03.30 07:23:43.953,1.44481,1.44507,1.13,2.25
2012.03.30 07:23:44.102,1.44481,1.44507,1.13,2.25
2012.03.30 07:23:44.754,1.44479,1.44507,3.00,2.63
2012.03.30 07:23:44.895,1.44479,1.44503,1.50,2.25
2012.03.30 07:23:45.821,1.44467,1.44494,3.00,1.50
2012.03.30 07:23:45.965,1.44467,1.44494,3.00,1.50
2012.03.30 07:23:46.187,1.44467,1.44493,1.50,3.75
2012.03.30 07:23:46.339,1.44467,1.44493,1.50,3.75
2012.03.30 07:23:46.911,1.44467,1.4449,3.00,1.50
2012.03.30 07:23:47.819,1.4447,1.44492,1.50,1.50
2012.03.30 07:23:48.842,1.4447,1.44492,2.25,1.50
2012.03.30 07:23:49.065,1.4447,1.44495,1.50,1.13
2012.03.30 07:23:49.566,1.44467,1.44493,1.50,1.50
2012.03.30 07:23:50.281,1.44467,1.4449,1.50,1.50
2012.03.30 07:23:50.947,1.44466,1.44493,3.00,1.50
2012.03.30 07:23:51.164,1.44462,1.44486,2.25,1.50
2012.03.30 07:23:51.707,1.44461,1.44484,1.50,1.50
2012.03.30 07:23:52.761,1.44461,1.44486,1.50,1.50
2012.03.30 07:23:53.038,1.44458,1.44484,2.63,1.50
2012.03.30 07:23:55.519,1.44459,1.44484,1.13,2.44
2012.03.30 07:23:55.737,1.44458,1.44486,1.88,3.75
2012.03.30 07:23:56.314,1.44459,1.44486,1.13,3.38
2012.03.30 07:23:56.997,1.44461,1.44486,2.25,1.50
2012.03.30 07:23:57.556,1.44463,1.44486,1.50,1.50
2012.03.30 07:23:58.356,1.44463,1.44486,2.25,1.50
2012.03.30 07:23:58.641,1.44465,1.44492,1.50,3.00
2012.03.30 07:23:59.716,1.44471,1.44492,1.13,3.19
2012.03.30 07:24:00.421,1.44467,1.44495,2.25,1.50
2012.03.30 07:24:00.651,1.44466,1.44495,2.82,2.25
2012.03.30 07:24:00.876,1.44467,1.44493,2.25,2.25
2012.03.30 07:24:02.830,1.44464,1.44492,2.78,2.25
2012.03.30 07:24:03.372,1.44466,1.4449,1.50,1.50
2012.03.30 07:24:03.525,1.44464,1.4449,1.09,1.50
2012.03.30 07:24:03.611,1.44464,1.4449,1.09,1.50
