2008.06.24 19:00:00.594,2.04855,2.04895,1.20,2.80
2008.06.24 19:00:00.696,2.0486,2.04895,2.20,2.80
2008.06.24 19:00:00.845,2.0486,2.0489,2.20,1.00
2008.06.24 19:00:01.364,2.0486,2.04895,2.20,2.80
2008.06.24 19:00:01.702,2.0486,2.049,2.20,2.80
2008.06.24 19:00:02.041,2.0486,2.049,2.20,4.80
2008.06.24 19:00:02.371,2.0486,2.049,2.20,2.80
2008.06.24 19:00:02.990,2.0486,2.04895,2.20,1.00
2008.06.24 19:00:03.149,2.0486,2.04895,2.20,2.80
2008.06.24 19:00:06.924,2.0486,2.0489,2.20,1.00
2008.06.24 19:00:07.183,2.0486,2.0489,2.20,2.80
2008.06.24 19:00:11.392,2.0486,2.0489,2.20,2.80
2008.06.24 19:00:11.827,2.0486,2.049,2.20,1.00
2008.06.24 19:00:12.346,2.0486,2.049,2.20,1.00
2008.06.24 19:00:12.498,2.0487,2.04905,2.20,3.30
2008.06.24 19:00:12.733,2.0487,2.04905,2.20,1.00
2008.06.24 19:00:13.964,2.0488,2.04905,2.20,1.00
2008.06.24 19:00:31.157,2.0488,2.049,2.20,1.00
2008.06.24 19:00:35.261,2.0488,2.04905,2.20,1.00
2008.06.24 19:00:36.998,2.0488,2.04905,2.20,3.30
2008.06.24 19:00:37.319,2.0488,2.049,2.20,1.00
2008.06.24 19:00:50.950,2.0488,2.04905,2.20,1.00
2008.06.24 19:00:52.832,2.0488,2.04905,2.20,1.40
2008.06.24 19:00:53.015,2.0486,2.04905,2.80,1.40
2008.06.24 19:00:53.090,2.0486,2.0489,2.80,1.00
2008.06.24 19:00:53.346,2.0484,2.0489,1.00,2.80
2008.06.24 19:00:53.543,2.04845,2.0489,1.30,2.80
2008.06.24 19:00:53.977,2.0485,2.0489,1.30,2.80
2008.06.24 19:00:54.023,2.0485,2.049,1.30,3.80
2008.06.24 19:00:55.482,2.0485,2.049,1.30,2.80
2008.06.24 19:00:55.547,2.0485,2.049,1.30,2.80
2008.06.24 19:00:55.578,2.0485,2.049,4.20,1.00
2008.06.24 19:00:56.100,2.0485,2.04905,4.20,3.30
2008.06.24 19:00:59.402,2.04855,2.04905,1.20,3.30
2008.06.24 19:01:00.369,2.04855,2.0488,1.20,1.00
2008.06.24 19:01:00.411,2.0485,2.0488,6.60,1.00
2008.06.24 19:01:00.530,2.0485,2.0488,7.20,1.00
2008.06.24 19:01:00.577,2.0485,2.0488,5.70,1.00
2008.06.24 19:01:00.685,2.0485,2.0488,2.80,1.00
2008.06.24 19:01:03.239,2.0485,2.0488,2.20,1.00
2008.06.24 19:01:03.561,2.0484,2.0488,3.30,1.00
2008.06.24 19:01:04.280,2.0484,2.0488,2.80,1.00
2008.06.24 19:01:04.568,2.04835,2.0488,4.20,1.00
2008.06.24 19:01:05.408,2.0484,2.0488,2.80,1.00
2008.06.24 19:01:05.929,2.04835,2.0488,4.20,1.00
2008.06.24 19:01:13.702,2.04835,2.0488,2.80,1.00
2008.06.24 19:01:13.800,2.0483,2.0488,7.20,1.00
2008.06.24 19:01:16.771,2.04835,2.0488,1.30,1.00
2008.06.24 19:01:16.836,2.04835,2.0488,4.20,1.00
2008.06.24 19:01:19.268,2.04835,2.0488,2.80,1.00
2008.06.24 19:01:19.631,2.0483,2.0488,7.20,1.00
2008.06.24 19:01:24.866,2.04835,2.0488,1.20,1.00
2008.06.24 19:01:24.985,2.0485,2.0488,2.20,1.00
2008.06.24 19:01:55.033,2.0485,2.0489,2.20,2.80
2008.06.24 19:01:55.074,2.0485,2.0489,2.20,1.00
2008.06.24 19:01:55.302,2.0485,2.04895,3.70,1.00
2008.06.24 19:01:55.344,2.04855,2.04895,1.30,1.00
2008.06.24 19:01:55.396,2.04855,2.04895,4.20,1.00
2008.06.24 19:02:00.176,2.04855,2.04895,5.50,1.00
2008.06.24 19:02:10.199,2.04855,2.04895,6.40,1.00
2008.06.24 19:02:10.622,2.0486,2.04895,2.20,1.00
2008.06.24 19:02:10.661,2.0486,2.04895,3.60,1.00
2008.06.24 19:02:10.697,2.0486,2.04895,4.90,1.00
2008.06.24 19:02:10.872,2.0486,2.04895,7.80,1.00
2008.06.24 19:02:11.137,2.04875,2.04895,1.20,1.00
2008.06.24 19:02:11.402,2.04875,2.04895,5.50,1.00
2008.06.24 19:02:11.937,2.04875,2.04895,6.40,1.00
2008.06.24 19:02:12.655,2.04875,2.04895,5.10,1.00
2008.06.24 19:02:12.844,2.04875,2.04895,4.20,1.00
2008.06.24 19:02:12.914,2.04875,2.04895,2.80,1.00
2008.06.24 19:02:13.092,2.0487,2.04895,7.80,1.00
2008.06.24 19:02:22.097,2.0487,2.04895,8.40,1.00
2008.06.24 19:02:23.633,2.0487,2.04895,7.20,1.00
2008.06.24 19:02:24.671,2.04875,2.04895,1.20,1.00
2008.06.24 19:02:24.814,2.04875,2.04895,4.00,1.00
2008.06.24 19:02:24.898,2.04875,2.04895,5.50,1.00
2008.06.24 19:02:27.658,2.0488,2.04895,1.20,1.00
2008.06.24 19:02:27.714,2.0488,2.04895,3.20,1.00
2008.06.24 19:02:27.883,2.0488,2.04895,6.10,1.00
2008.06.24 19:02:29.403,2.0488,2.04895,5.50,1.00
2008.06.24 19:02:29.521,2.0489,2.04895,4.90,1.00
2008.06.24 19:02:30.222,2.0489,2.04895,3.70,1.00
2008.06.24 19:02:30.748,2.0489,2.04895,2.20,1.00
2008.06.24 19:02:30.987,2.0489,2.04895,3.70,1.00
2008.06.24 19:02:31.129,2.0489,2.04895,6.60,1.00
2008.06.24 19:02:32.029,2.04895,2.0494,1.30,1.30
2008.06.24 19:02:32.238,2.04895,2.0494,4.20,1.30
2008.06.24 19:02:45.291,2.0489,2.04895,6.40,1.00
2008.06.24 19:02:45.543,2.0489,2.04895,7.20,1.00
2008.06.24 19:02:48.404,2.0489,2.04895,6.60,1.00
2008.06.24 19:02:51.824,2.0489,2.04895,5.70,1.00
2008.06.24 19:02:52.104,2.0489,2.04895,2.80,1.00
2008.06.24 19:02:55.281,2.04885,2.04895,2.80,1.00
2008.06.24 19:02:55.426,2.0488,2.04895,2.20,1.00
2008.06.24 19:02:56.527,2.0488,2.04895,3.70,1.00
2008.06.24 19:02:56.788,2.0488,2.04895,5.10,1.00
2008.06.24 19:02:57.045,2.0488,2.04895,2.20,1.00
2008.06.24 19:03:23.901,2.0488,2.04895,3.70,1.00
2008.06.24 19:03:24.149,2.0488,2.04895,6.60,1.00
2008.06.24 19:03:28.905,2.0489,2.04895,1.30,1.00
2008.06.24 19:03:29.048,2.0489,2.04895,4.30,1.00
2008.06.24 19:03:29.880,2.0489,2.04895,7.20,1.00
2008.06.24 19:03:29.997,2.04895,2.0494,1.30,1.00
2008.06.24 19:03:30.125,2.04895,2.0494,4.20,1.00
2008.06.24 19:03:42.343,2.04895,2.0494,5.50,1.00
2008.06.24 19:03:42.468,2.04905,2.04945,1.30,2.80
2008.06.24 19:03:42.596,2.04905,2.0495,4.20,1.00
2008.06.24 19:03:46.922,2.0492,2.0495,2.20,1.00
2008.06.24 19:03:47.925,2.0491,2.0495,2.80,1.00
2008.06.24 19:03:48.053,2.04905,2.0495,4.20,1.00
2008.06.24 19:03:49.438,2.04905,2.0495,5.50,1.00
2008.06.24 19:03:49.552,2.0492,2.0495,2.20,1.00
2008.06.24 19:03:50.441,2.0491,2.0495,4.20,1.00
2008.06.24 19:03:50.551,2.0491,2.0495,2.80,1.00
2008.06.24 19:03:50.659,2.04905,2.0495,5.10,1.00
2008.06.24 19:04:32.909,2.04905,2.0495,4.20,1.00
2008.06.24 19:04:39.979,2.04905,2.0495,2.80,1.00
2008.06.24 19:04:40.066,2.049,2.0495,4.80,3.70
2008.06.24 19:04:40.143,2.049,2.04945,3.30,1.00
2008.06.24 19:04:40.385,2.049,2.04945,1.00,2.80
2008.06.24 19:04:57.656,2.049,2.04945,1.00,1.00
2008.06.24 19:04:57.767,2.049,2.0495,1.00,3.80
2008.06.24 19:04:57.865,2.049,2.0495,4.80,3.70
2008.06.24 19:04:58.576,2.049,2.0495,3.30,3.80
2008.06.24 19:04:58.678,2.049,2.0495,1.00,3.80
2008.06.24 19:04:59.361,2.049,2.04945,1.00,2.80
2008.06.24 19:04:59.570,2.049,2.04945,1.00,2.80
2008.06.24 19:05:00.674,2.049,2.04945,2.80,2.80
2008.06.24 19:05:00.786,2.049,2.04945,4.30,2.80
2008.06.24 19:05:00.866,2.049,2.0495,7.20,3.70
2008.06.24 19:05:01.003,2.049,2.0495,8.40,3.70
2008.06.24 19:05:01.113,2.049,2.0495,6.10,3.70
2008.06.24 19:05:01.164,2.049,2.0495,4.80,3.70
2008.06.24 19:05:01.913,2.049,2.0495,3.30,3.80
2008.06.24 19:05:02.072,2.049,2.0495,1.00,3.80
2008.06.24 19:05:02.221,2.049,2.04945,1.00,1.00
2008.06.24 19:05:02.390,2.049,2.04945,1.00,2.80
2008.06.24 19:05:05.615,2.0492,2.04945,2.20,2.80
2008.06.24 19:05:05.786,2.0492,2.04945,2.20,2.80
2008.06.24 19:05:05.863,2.0492,2.0495,2.20,1.00
2008.06.24 19:05:06.029,2.0491,2.0493,5.50,1.00
2008.06.24 19:05:06.070,2.0491,2.0493,2.80,1.00
2008.06.24 19:05:06.392,2.04885,2.0493,5.10,1.00
2008.06.24 19:05:06.425,2.04885,2.0493,6.40,1.00
2008.06.24 19:05:06.455,2.0489,2.0493,1.30,1.00
2008.06.24 19:05:06.482,2.0489,2.0493,1.90,1.00
2008.06.24 19:05:06.615,2.0489,2.0494,4.30,2.80
2008.06.24 19:05:06.847,2.04895,2.0494,4.20,1.00
2008.06.24 19:05:07.086,2.0489,2.0494,7.20,1.00
2008.06.24 19:05:07.544,2.04895,2.04945,1.20,2.80
2008.06.24 19:05:07.992,2.049,2.0495,2.80,1.00
2008.06.24 19:05:08.160,2.04905,2.04955,1.30,3.30
2008.06.24 19:05:08.357,2.04905,2.04955,4.20,1.00
2008.06.24 19:05:09.044,2.04905,2.04955,2.80,1.00
2008.06.24 19:05:09.111,2.049,2.04955,4.20,3.30
2008.06.24 19:05:09.481,2.049,2.0495,2.80,1.00
2008.06.24 19:05:09.542,2.049,2.0495,2.80,2.80
2008.06.24 19:05:10.896,2.049,2.0494,2.80,1.00
2008.06.24 19:05:11.074,2.049,2.0494,2.80,1.00
2008.06.24 19:05:11.360,2.0489,2.0494,7.20,2.80
2008.06.24 19:05:11.401,2.0489,2.0494,7.20,2.80
2008.06.24 19:05:11.441,2.0489,2.0494,6.60,2.80
2008.06.24 19:05:11.601,2.0489,2.0494,4.20,1.00
2008.06.24 19:05:16.647,2.0489,2.0494,4.20,1.00
2008.06.24 19:05:19.645,2.0489,2.0494,4.20,1.00
2008.06.24 19:05:19.770,2.04895,2.0494,1.30,1.00
2008.06.24 19:05:19.807,2.04895,2.04945,1.30,3.30
2008.06.24 19:05:19.835,2.04895,2.04945,4.20,1.00
2008.06.24 19:05:20.358,2.049,2.04945,2.80,1.00
2008.06.24 19:05:25.417,2.04905,2.04945,1.20,1.00
2008.06.24 19:05:25.634,2.0491,2.04945,2.20,1.00
2008.06.24 19:05:25.660,2.04915,2.04945,1.20,1.00
2008.06.24 19:05:26.348,2.0492,2.04945,1.30,1.00
2008.06.24 19:05:26.686,2.0492,2.04945,4.20,1.00
2008.06.24 19:05:28.509,2.0492,2.04945,2.80,1.00
2008.06.24 19:05:28.598,2.0491,2.04945,7.20,1.00
2008.06.24 19:05:30.390,2.0492,2.04945,1.90,1.00
2008.06.24 19:05:30.437,2.04915,2.04945,3.10,1.00
2008.06.24 19:05:30.548,2.0493,2.04945,1.00,1.00
2008.06.24 19:05:30.601,2.0495,2.04965,2.20,2.80
2008.06.24 19:05:30.648,2.0495,2.04975,2.20,7.60
2008.06.24 19:05:30.729,2.0495,2.04975,2.20,2.80
2008.06.24 19:05:30.885,2.0495,2.04975,2.20,2.80
2008.06.24 19:05:31.116,2.0495,2.0498,2.20,1.00
2008.06.24 19:05:32.221,2.0495,2.0498,2.20,1.00
2008.06.24 19:05:32.486,2.0495,2.04995,2.20,2.80
2008.06.24 19:05:37.649,2.04945,2.04995,5.50,2.80
2008.06.24 19:05:37.731,2.04945,2.04995,4.20,2.80
2008.06.24 19:05:37.807,2.0494,2.04945,4.70,1.00
2008.06.24 19:05:37.954,2.0494,2.04945,4.20,1.00
2008.06.24 19:05:38.104,2.04945,2.04995,1.30,3.00
2008.06.24 19:05:38.279,2.0494,2.04945,5.50,1.00
2008.06.24 19:05:38.414,2.04945,2.04995,2.80,1.00
2008.06.24 19:05:38.619,2.0494,2.04945,4.00,1.00
2008.06.24 19:05:38.801,2.0494,2.04945,1.20,1.00
2008.06.24 19:05:39.336,2.04945,2.04985,1.20,1.00
2008.06.24 19:05:42.965,2.04955,2.04985,1.20,2.80
2008.06.24 19:05:43.096,2.04955,2.04985,1.20,2.80
2008.06.24 19:05:43.211,2.04955,2.04995,1.20,2.80
2008.06.24 19:05:44.634,2.0495,2.04995,2.20,2.80
2008.06.24 19:05:44.707,2.0495,2.04995,2.80,2.80
2008.06.24 19:05:50.661,2.0495,2.04995,2.20,2.80
2008.06.24 19:05:51.177,2.0495,2.0498,2.20,1.00
2008.06.24 19:05:53.116,2.04935,2.0498,3.80,1.00
2008.06.24 19:05:53.272,2.04935,2.0498,2.80,1.00
2008.06.24 19:05:53.445,2.0493,2.0498,4.90,3.80
2008.06.24 19:05:53.750,2.0493,2.0498,3.60,3.80
2008.06.24 19:05:54.282,2.0493,2.0496,3.60,1.00
2008.06.24 19:05:54.527,2.0493,2.0496,2.20,1.00
2008.06.24 19:05:54.733,2.04925,2.0496,2.80,1.00
2008.06.24 19:05:54.939,2.0491,2.0496,8.40,2.80
2008.06.24 19:05:55.150,2.0491,2.0496,4.00,2.80
2008.06.24 19:05:56.544,2.0491,2.04955,4.00,1.00
2008.06.24 19:05:56.723,2.0492,2.04955,1.20,2.80
2008.06.24 19:05:56.895,2.0492,2.04955,1.20,2.80
2008.06.24 19:05:57.073,2.0492,2.0496,1.20,2.80
2008.06.24 19:05:58.570,2.0493,2.0496,1.20,2.80
2008.06.24 19:05:58.746,2.0493,2.0496,3.60,2.80
2008.06.24 19:05:58.839,2.0493,2.0496,3.60,2.80
2008.06.24 19:05:58.961,2.0494,2.0496,1.20,2.80
2008.06.24 19:05:59.044,2.0494,2.0497,1.20,2.80
2008.06.24 19:06:06.592,2.0494,2.04975,1.20,2.80
2008.06.24 19:06:06.887,2.0494,2.0497,1.20,2.80
2008.06.24 19:06:11.488,2.04945,2.0497,1.20,2.80
2008.06.24 19:06:11.650,2.04945,2.04975,1.20,2.80
2008.06.24 19:06:12.335,2.04945,2.0498,1.20,2.80
2008.06.24 19:06:14.543,2.04955,2.0498,1.20,2.80
2008.06.24 19:06:16.501,2.0495,2.0498,2.20,2.80
2008.06.24 19:06:16.663,2.0495,2.0498,3.60,2.80
2008.06.24 19:06:17.065,2.0495,2.0498,2.20,2.80
2008.06.24 19:06:17.485,2.0495,2.04975,2.20,1.00
2008.06.24 19:06:17.765,2.0495,2.04975,2.20,2.80
2008.06.24 19:06:18.194,2.0493,2.04975,4.00,2.80
2008.06.24 19:06:18.714,2.0493,2.0497,4.00,1.00
2008.06.24 19:06:18.919,2.0493,2.0497,4.00,2.80
2008.06.24 19:06:19.006,2.0493,2.0497,4.00,2.80
2008.06.24 19:06:19.090,2.0493,2.0497,4.00,2.80
2008.06.24 19:06:19.262,2.0493,2.0497,2.80,1.00
2008.06.24 19:06:19.344,2.0493,2.04975,2.80,2.80
2008.06.24 19:06:19.425,2.0493,2.0497,2.80,2.80
2008.06.24 19:06:26.607,2.0493,2.0497,2.20,2.80
2008.06.24 19:06:30.145,2.04935,2.0497,1.20,2.80
2008.06.24 19:06:30.184,2.0495,2.0497,2.20,2.80
2008.06.24 19:06:30.618,2.0495,2.0498,2.20,1.00
2008.06.24 19:06:31.107,2.04935,2.0498,3.60,1.00
2008.06.24 19:06:31.172,2.0493,2.04975,5.10,1.00
2008.06.24 19:06:31.425,2.0493,2.0497,2.20,2.80
2008.06.24 19:06:32.567,2.0493,2.0497,3.60,2.80
2008.06.24 19:06:32.774,2.0494,2.0497,1.20,2.80
2008.06.24 19:06:33.191,2.0494,2.0498,1.20,2.80
2008.06.24 19:06:33.670,2.0494,2.0498,1.20,3.70
2008.06.24 19:06:35.775,2.0494,2.0496,1.20,1.00
2008.06.24 19:06:36.056,2.04925,2.0496,2.80,1.00
2008.06.24 19:06:36.228,2.0492,2.0496,2.80,1.00
2008.06.24 19:06:36.328,2.0492,2.04955,2.80,1.00
2008.06.24 19:06:36.373,2.04915,2.04955,2.80,1.00
2008.06.24 19:06:36.679,2.0491,2.04955,2.20,2.80
2008.06.24 19:06:36.955,2.049,2.0495,1.80,2.80
2008.06.24 19:06:37.470,2.0493,2.0495,2.40,2.80
2008.06.24 19:06:37.748,2.0492,2.04945,4.40,2.80
2008.06.24 19:06:38.024,2.0492,2.04945,1.20,1.00
2008.06.24 19:06:38.130,2.0492,2.0495,1.20,1.00
2008.06.24 19:06:38.271,2.0491,2.0495,4.00,1.00
2008.06.24 19:06:38.385,2.0491,2.0495,3.60,1.00
2008.06.24 19:06:38.491,2.0491,2.0494,2.20,1.00
2008.06.24 19:06:38.604,2.049,2.0494,4.00,1.00
2008.06.24 19:06:38.721,2.0492,2.0494,1.20,1.00
2008.06.24 19:06:38.936,2.0493,2.0494,2.20,2.80
2008.06.24 19:06:39.076,2.0493,2.0494,3.60,2.80
2008.06.24 19:06:39.259,2.0493,2.0494,2.20,2.80
2008.06.24 19:06:39.414,2.0493,2.04945,2.20,1.00
2008.06.24 19:06:40.800,2.04915,2.04945,4.00,1.00
2008.06.24 19:06:41.109,2.04935,2.04945,1.20,1.00
2008.06.24 19:06:41.372,2.0493,2.04945,3.60,1.00
2008.06.24 19:06:41.636,2.0493,2.04945,2.20,1.00
2008.06.24 19:06:41.885,2.049,2.0494,6.60,1.00
2008.06.24 19:06:42.184,2.049,2.0494,3.70,1.00
2008.06.24 19:06:42.402,2.049,2.0494,2.20,1.00
2008.06.24 19:06:42.841,2.049,2.0493,2.20,1.00
2008.06.24 19:06:43.251,2.04905,2.0493,1.20,1.00
2008.06.24 19:06:43.444,2.0492,2.0494,2.20,2.80
2008.06.24 19:06:43.810,2.0492,2.04945,2.20,1.00
2008.06.24 19:06:46.459,2.0491,2.04945,4.20,1.00
2008.06.24 19:06:46.720,2.0491,2.04945,2.80,1.00
2008.06.24 19:06:46.980,2.04905,2.04945,5.50,1.00
2008.06.24 19:06:47.203,2.0491,2.04945,3.60,1.00
2008.06.24 19:06:47.697,2.04905,2.04945,4.20,1.00
2008.06.24 19:06:48.893,2.04905,2.04945,5.50,1.00
2008.06.24 19:06:49.014,2.0491,2.04945,4.20,1.00
2008.06.24 19:06:49.518,2.04915,2.04945,2.60,1.00
2008.06.24 19:06:49.626,2.04915,2.04945,5.50,1.00
2008.06.24 19:06:50.437,2.04915,2.04945,4.00,1.00
2008.06.24 19:06:50.717,2.0491,2.04945,6.60,1.00
2008.06.24 19:06:50.843,2.0491,2.04945,5.10,1.00
2008.06.24 19:06:51.186,2.0491,2.04945,2.20,1.00
2008.06.24 19:06:51.317,2.0492,2.04945,2.20,1.00
2008.06.24 19:06:56.708,2.0492,2.04945,2.20,1.00
2008.06.24 19:06:56.804,2.0492,2.0493,2.20,1.00
2008.06.24 19:06:56.899,2.0488,2.0493,2.20,2.80
2008.06.24 19:06:57.459,2.0488,2.04925,2.20,1.00
2008.06.24 19:06:57.647,2.0488,2.04925,2.20,2.80
2008.06.24 19:06:58.369,2.0488,2.0492,2.20,2.80
2008.06.24 19:06:58.488,2.0488,2.0492,2.20,2.80
2008.06.24 19:06:58.605,2.0488,2.0492,2.20,2.80
2008.06.24 19:06:59.223,2.0488,2.0492,2.20,3.80
2008.06.24 19:07:00.267,2.04865,2.0492,4.20,3.80
2008.06.24 19:07:00.964,2.0487,2.0492,1.00,2.80
2008.06.24 19:07:01.281,2.0489,2.0492,1.00,2.80
2008.06.24 19:07:01.514,2.0491,2.0492,2.20,2.80
2008.06.24 19:07:01.675,2.0491,2.04925,2.20,3.30
2008.06.24 19:07:02.018,2.0491,2.04925,2.20,1.00
2008.06.24 19:07:03.035,2.0489,2.04925,2.80,1.00
2008.06.24 19:07:03.239,2.04885,2.04925,2.80,1.00
2008.06.24 19:07:03.451,2.0488,2.04925,1.00,1.00
2008.06.24 19:07:03.756,2.04875,2.04925,4.20,1.00
2008.06.24 19:07:03.913,2.0487,2.04925,8.40,3.30
2008.06.24 19:07:04.072,2.0487,2.0492,6.90,1.00
2008.06.24 19:07:04.394,2.0489,2.0492,2.20,2.80
2008.06.24 19:07:04.737,2.0489,2.04925,2.20,3.30
2008.06.24 19:07:05.506,2.0489,2.0492,2.20,1.00
2008.06.24 19:07:05.891,2.0489,2.04925,2.20,3.30
2008.06.24 19:07:06.213,2.0488,2.0492,1.20,1.00
2008.06.24 19:07:06.322,2.0487,2.0492,7.80,1.00
2008.06.24 19:07:06.626,2.0487,2.0491,4.90,2.80
2008.06.24 19:07:06.920,2.0487,2.04915,3.60,2.80
2008.06.24 19:07:07.268,2.0488,2.04915,1.20,2.80
2008.06.24 19:07:07.558,2.0489,2.04915,2.20,2.80
2008.06.24 19:07:07.732,2.0489,2.04915,2.20,2.80
2008.06.24 19:07:08.051,2.049,2.0492,2.20,2.80
2008.06.24 19:07:08.215,2.049,2.04925,2.20,1.00
2008.06.24 19:07:08.389,2.0489,2.04925,2.20,1.00
2008.06.24 19:07:08.719,2.04875,2.0491,2.80,1.00
2008.06.24 19:07:08.892,2.04875,2.04905,2.80,1.00
2008.06.24 19:07:09.063,2.0486,2.049,2.20,1.00
2008.06.24 19:07:09.381,2.0486,2.049,2.20,2.80
2008.06.24 19:07:09.774,2.0486,2.049,3.60,2.80
2008.06.24 19:07:09.963,2.0487,2.049,2.20,2.80
2008.06.24 19:07:10.065,2.04855,2.049,1.30,2.80
2008.06.24 19:07:10.165,2.04855,2.04905,2.80,1.00
2008.06.24 19:07:10.367,2.0485,2.04905,7.80,2.80
2008.06.24 19:07:10.766,2.0489,2.04895,1.20,2.80
2008.06.24 19:07:10.899,2.049,2.04925,2.20,1.00
2008.06.24 19:07:11.222,2.049,2.0492,2.20,1.00
2008.06.24 19:07:11.378,2.04885,2.0492,4.20,1.00
2008.06.24 19:07:11.502,2.04885,2.0492,4.20,5.60
2008.06.24 19:07:11.622,2.0487,2.04915,2.20,2.80
2008.06.24 19:07:12.031,2.0486,2.0491,2.80,1.00
2008.06.24 19:07:12.281,2.0485,2.049,3.60,2.80
2008.06.24 19:07:12.724,2.04855,2.049,1.20,2.80
2008.06.24 19:07:12.993,2.04855,2.04895,1.20,1.00
2008.06.24 19:07:13.229,2.04855,2.04895,1.20,2.80
2008.06.24 19:07:13.333,2.04895,2.04905,1.40,6.80
2008.06.24 19:07:13.426,2.04875,2.04895,3.00,2.80
2008.06.24 19:07:13.760,2.0487,2.04915,2.20,2.80
2008.06.24 19:07:13.960,2.04865,2.04915,1.30,2.80
2008.06.24 19:07:14.152,2.04865,2.04905,2.80,1.00
2008.06.24 19:07:14.418,2.04855,2.04905,1.20,2.80
2008.06.24 19:07:14.795,2.04865,2.04905,1.20,2.80
2008.06.24 19:07:14.908,2.0487,2.04905,2.20,2.80
2008.06.24 19:07:15.107,2.0487,2.0492,2.20,2.80
2008.06.24 19:07:16.236,2.04875,2.0492,1.20,2.80
2008.06.24 19:07:16.375,2.0488,2.04925,6.60,1.00
2008.06.24 19:07:17.233,2.049,2.04925,2.20,1.00
2008.06.24 19:07:18.181,2.04895,2.04925,4.20,1.00
2008.06.24 19:07:18.351,2.049,2.04925,2.80,1.00
2008.06.24 19:07:18.744,2.0488,2.04925,4.20,1.00
2008.06.24 19:07:18.832,2.0488,2.04925,2.80,1.00
2008.06.24 19:07:18.920,2.04875,2.04925,5.50,1.00
2008.06.24 19:07:19.211,2.0489,2.04925,2.20,1.00
2008.06.24 19:07:20.032,2.04895,2.04925,1.20,1.00
2008.06.24 19:07:20.751,2.0489,2.04925,3.60,1.00
2008.06.24 19:07:21.591,2.0489,2.04925,4.90,1.00
2008.06.24 19:07:21.880,2.0489,2.04925,7.80,1.00
2008.06.24 19:07:21.988,2.0489,2.04925,6.40,1.00
2008.06.24 19:07:22.177,2.0489,2.04925,3.60,1.00
2008.06.24 19:07:22.367,2.0489,2.04925,4.90,1.00
2008.06.24 19:07:22.630,2.0489,2.04925,7.80,1.00
2008.06.24 19:07:22.833,2.0489,2.04925,6.40,1.00
2008.06.24 19:07:23.132,2.0489,2.04925,3.60,1.00
2008.06.24 19:07:23.254,2.049,2.04925,1.30,1.00
2008.06.24 19:07:23.480,2.049,2.04925,2.80,1.00
2008.06.24 19:07:23.738,2.04895,2.04925,4.20,1.00
2008.06.24 19:07:23.851,2.049,2.04925,1.30,1.00
2008.06.24 19:07:24.010,2.049,2.04925,4.20,1.00
2008.06.24 19:07:26.578,2.049,2.04925,2.80,1.00
2008.06.24 19:07:27.440,2.04905,2.04925,1.30,1.00
2008.06.24 19:07:27.535,2.0491,2.04925,2.20,1.00
2008.06.24 19:07:34.246,2.0492,2.04925,2.20,1.00
2008.06.24 19:07:35.258,2.04915,2.04925,4.20,1.00
2008.06.24 19:07:35.526,2.04915,2.04925,2.80,1.00
2008.06.24 19:07:35.740,2.0491,2.04925,4.20,1.00
2008.06.24 19:07:36.041,2.0491,2.04925,1.30,1.00
2008.06.24 19:07:36.182,2.0491,2.04925,4.20,1.00
2008.06.24 19:07:36.459,2.0491,2.04925,2.80,1.00
2008.06.24 19:07:36.940,2.049,2.04925,4.80,1.00
2008.06.24 19:07:37.170,2.0491,2.04925,2.20,1.00
2008.06.24 19:07:39.588,2.049,2.04925,3.30,1.00
2008.06.24 19:07:39.838,2.049,2.04925,2.80,1.00
2008.06.24 19:07:40.072,2.0489,2.04925,7.80,1.00
2008.06.24 19:07:40.229,2.0489,2.04925,4.20,1.00
2008.06.24 19:07:40.392,2.0489,2.04925,2.80,1.00
2008.06.24 19:07:40.646,2.0489,2.04925,4.00,1.00
2008.06.24 19:07:40.808,2.0489,2.04925,3.60,1.00
2008.06.24 19:07:40.954,2.0489,2.04925,4.90,1.00
2008.06.24 19:07:41.380,2.04885,2.04925,2.80,1.00
2008.06.24 19:07:41.665,2.0489,2.04925,1.20,3.30
2008.06.24 19:07:41.949,2.04895,2.04925,1.30,3.30
2008.06.24 19:07:42.234,2.04895,2.04925,4.20,1.00
2008.06.24 19:07:42.782,2.049,2.04925,1.20,1.00
2008.06.24 19:07:42.899,2.049,2.04925,3.60,1.00
2008.06.24 19:07:43.184,2.049,2.04925,4.90,1.00
2008.06.24 19:07:43.355,2.049,2.04925,6.40,1.00
2008.06.24 19:07:43.684,2.049,2.04925,4.90,1.00
2008.06.24 19:07:43.882,2.04905,2.04925,1.30,1.00
2008.06.24 19:07:44.220,2.049,2.04925,7.80,1.00
2008.06.24 19:07:45.226,2.04915,2.04925,1.20,1.00
2008.06.24 19:07:45.603,2.04915,2.04925,4.50,1.00
2008.06.24 19:07:45.747,2.0493,2.0495,1.30,1.00
2008.06.24 19:07:45.931,2.0491,2.04925,4.20,1.00
2008.06.24 19:07:46.091,2.0491,2.04925,2.80,1.00
2008.06.24 19:07:46.557,2.04905,2.04925,4.20,1.00
2008.06.24 19:07:47.233,2.0491,2.04925,1.20,1.00
2008.06.24 19:07:47.593,2.04915,2.04925,1.30,1.00
2008.06.24 19:07:47.665,2.04915,2.04925,4.20,1.00
2008.06.24 19:07:48.083,2.04915,2.04925,2.80,1.00
2008.06.24 19:07:48.465,2.0491,2.04925,1.30,1.00
2008.06.24 19:07:48.897,2.0491,2.04925,4.20,1.00
2008.06.24 19:07:49.858,2.0491,2.04925,4.80,1.00
2008.06.24 19:07:49.986,2.0491,2.04925,4.20,1.00
2008.06.24 19:07:50.526,2.0491,2.04925,2.80,1.00
2008.06.24 19:07:50.973,2.04905,2.04925,4.20,1.00
2008.06.24 19:07:53.182,2.04905,2.04925,2.80,1.00
2008.06.24 19:07:55.092,2.049,2.04925,2.20,1.00
2008.06.24 19:07:55.363,2.04905,2.04925,1.30,1.00
2008.06.24 19:07:55.710,2.04905,2.04925,4.20,1.00
2008.06.24 19:07:58.376,2.04905,2.04925,2.80,1.00
2008.06.24 19:07:58.413,2.0489,2.04925,4.80,1.00
2008.06.24 19:07:58.478,2.0489,2.04925,3.30,1.00
2008.06.24 19:07:58.571,2.0489,2.04925,1.00,1.00
2008.06.24 19:08:01.610,2.049,2.04925,2.20,1.00
2008.06.24 19:08:01.824,2.049,2.04925,3.70,1.00
2008.06.24 19:08:02.212,2.049,2.04925,6.60,1.00
2008.06.24 19:08:02.723,2.049,2.04925,4.20,1.00
2008.06.24 19:08:02.941,2.0489,2.04925,4.80,1.00
2008.06.24 19:08:03.874,2.0489,2.04925,4.20,1.00
2008.06.24 19:08:05.576,2.0489,2.04925,4.80,1.00
2008.06.24 19:08:08.320,2.0489,2.04925,1.90,1.00
2008.06.24 19:08:08.852,2.0489,2.04925,1.30,1.00
2008.06.24 19:08:08.919,2.0489,2.04925,4.20,1.00
2008.06.24 19:08:09.075,2.04895,2.04925,1.30,1.00
2008.06.24 19:08:09.196,2.04895,2.04925,4.20,1.00
2008.06.24 19:08:09.963,2.049,2.04925,2.20,1.00
2008.06.24 19:08:10.407,2.04895,2.04925,4.20,1.00
2008.06.24 19:08:11.468,2.049,2.04925,2.80,1.00
2008.06.24 19:08:11.712,2.04895,2.04925,4.20,1.00
2008.06.24 19:08:13.819,2.04895,2.04925,5.50,1.00
2008.06.24 19:08:14.097,2.04895,2.04925,4.20,1.00
2008.06.24 19:08:14.379,2.049,2.04925,2.80,1.00
2008.06.24 19:08:14.539,2.049,2.04925,4.20,1.00
2008.06.24 19:08:14.617,2.049,2.04925,2.80,1.00
2008.06.24 19:08:14.905,2.04895,2.04925,4.20,1.00
2008.06.24 19:08:15.385,2.049,2.04925,2.80,1.00
2008.06.24 19:08:17.900,2.049,2.04925,4.20,1.00
2008.06.24 19:08:30.247,2.04905,2.04925,1.30,1.00
2008.06.24 19:08:30.319,2.049,2.04925,4.20,1.00
2008.06.24 19:08:30.450,2.04905,2.04925,2.80,1.00
2008.06.24 19:08:30.623,2.04905,2.04925,4.20,1.00
2008.06.24 19:08:32.163,2.04895,2.04925,4.20,1.00
2008.06.24 19:08:33.442,2.049,2.04925,1.20,1.00
2008.06.24 19:08:33.524,2.049,2.04925,4.00,1.00
2008.06.24 19:08:33.648,2.04905,2.04925,1.30,1.00
2008.06.24 19:08:33.879,2.04905,2.04925,4.20,1.00
2008.06.24 19:08:35.620,2.0491,2.04925,1.00,1.00
2008.06.24 19:08:35.793,2.0494,2.0496,2.20,3.00
2008.06.24 19:08:35.910,2.04945,2.0496,2.80,1.00
2008.06.24 19:08:36.024,2.04945,2.0495,2.80,1.00
2008.06.24 19:08:36.159,2.0493,2.0495,1.00,1.00
2008.06.24 19:08:37.040,2.0493,2.0494,1.00,1.00
2008.06.24 19:08:37.828,2.0493,2.0495,1.00,1.00
2008.06.24 19:08:38.380,2.0493,2.0496,1.00,1.00
2008.06.24 19:08:38.560,2.0493,2.0496,1.00,1.00
2008.06.24 19:08:38.755,2.0493,2.0496,1.00,1.00
2008.06.24 19:08:38.954,2.0494,2.0496,1.00,1.00
2008.06.24 19:08:39.145,2.0494,2.04965,2.80,1.00
2008.06.24 19:08:39.475,2.04945,2.04965,1.30,1.00
2008.06.24 19:08:39.647,2.0495,2.04965,1.00,1.00
2008.06.24 19:08:39.823,2.0495,2.04965,2.80,1.00
2008.06.24 19:08:39.994,2.04945,2.04965,4.20,1.00
2008.06.24 19:08:40.160,2.04945,2.04965,1.30,1.00
2008.06.24 19:08:40.698,2.04935,2.04965,4.20,1.00
2008.06.24 19:08:40.864,2.04935,2.0496,4.20,1.00
2008.06.24 19:08:41.520,2.04945,2.0496,1.30,1.00
2008.06.24 19:08:41.765,2.04945,2.04965,4.20,1.00
2008.06.24 19:08:42.819,2.04945,2.04965,2.80,1.00
2008.06.24 19:08:43.134,2.04935,2.04965,4.20,1.00
2008.06.24 19:08:44.442,2.04935,2.0496,4.20,1.00
2008.06.24 19:08:44.649,2.04935,2.0496,1.30,1.00
2008.06.24 19:08:44.973,2.0494,2.0496,1.30,1.00
2008.06.24 19:08:45.063,2.0494,2.04965,1.30,1.00
2008.06.24 19:08:45.109,2.0494,2.04965,4.20,1.00
2008.06.24 19:08:45.610,2.04945,2.04965,1.30,1.00
2008.06.24 19:08:45.740,2.04945,2.04965,4.20,1.00
2008.06.24 19:08:45.988,2.0495,2.04965,1.30,1.00
2008.06.24 19:08:46.111,2.0495,2.04965,4.20,1.00
2008.06.24 19:08:48.578,2.04955,2.04965,1.30,1.00
2008.06.24 19:08:48.698,2.04955,2.04965,4.20,1.00
2008.06.24 19:08:48.732,2.04955,2.04965,2.80,1.00
2008.06.24 19:08:48.874,2.0495,2.04965,4.20,1.00
2008.06.24 19:08:50.169,2.04945,2.04965,4.20,1.00
2008.06.24 19:08:50.768,2.04945,2.0496,4.20,1.00
2008.06.24 19:08:50.880,2.04945,2.0496,1.30,1.00
2008.06.24 19:08:50.987,2.04935,2.0496,4.20,1.00
2008.06.24 19:08:52.247,2.0494,2.0496,1.30,1.00
2008.06.24 19:08:52.397,2.0494,2.0496,4.20,1.00
2008.06.24 19:08:52.550,2.0494,2.04965,4.20,1.00
2008.06.24 19:08:57.796,2.0494,2.04965,2.80,1.00
2008.06.24 19:08:58.135,2.0493,2.04965,4.80,1.00
2008.06.24 19:09:00.450,2.0493,2.04965,4.20,1.00
2008.06.24 19:09:00.542,2.04935,2.04965,1.30,1.00
2008.06.24 19:09:00.783,2.04935,2.04965,2.20,1.00
2008.06.24 19:09:00.857,2.04935,2.04965,5.10,1.00
2008.06.24 19:09:01.298,2.04945,2.04965,1.30,1.00
2008.06.24 19:09:01.800,2.04945,2.04965,4.20,1.00
2008.06.24 19:09:02.691,2.04945,2.04965,2.80,1.00
2008.06.24 19:09:02.917,2.0494,2.04965,4.20,1.00
2008.06.24 19:09:03.847,2.0496,2.04965,1.20,1.00
2008.06.24 19:09:04.026,2.0496,2.04965,4.80,1.00
2008.06.24 19:09:04.375,2.0496,2.04965,7.70,1.00
2008.06.24 19:09:04.556,2.0496,2.04965,9.50,1.00
2008.06.24 19:09:04.846,2.04975,2.0501,4.20,1.00
2008.06.24 19:09:04.966,2.05,2.0503,2.20,3.70
2008.06.24 19:09:05.297,2.05,2.0503,2.20,2.80
2008.06.24 19:09:05.421,2.05005,2.0503,1.30,2.80
2008.06.24 19:09:05.540,2.05005,2.0503,1.30,2.80
2008.06.24 19:09:05.723,2.0499,2.0503,4.20,1.00
2008.06.24 19:09:05.890,2.04995,2.0503,3.60,1.00
2008.06.24 19:09:06.065,2.05005,2.05035,1.20,1.00
2008.06.24 19:09:06.242,2.05015,2.05035,1.30,1.00
2008.06.24 19:09:06.408,2.05015,2.05035,4.20,1.00
2008.06.24 19:09:07.023,2.0502,2.05035,1.30,1.00
2008.06.24 19:09:07.292,2.0502,2.05035,4.20,1.00
2008.06.24 19:09:07.561,2.0503,2.05035,1.30,1.00
2008.06.24 19:09:07.833,2.0502,2.05035,1.30,1.00
2008.06.24 19:09:08.003,2.0502,2.05035,2.80,1.00
2008.06.24 19:09:08.163,2.0499,2.0502,4.20,1.00
2008.06.24 19:09:08.331,2.0499,2.0503,4.20,1.00
2008.06.24 19:09:09.315,2.04995,2.0503,1.30,1.00
2008.06.24 19:09:09.474,2.04995,2.0503,4.20,1.00
2008.06.24 19:09:09.842,2.04995,2.0503,2.80,1.00
2008.06.24 19:09:10.116,2.0499,2.0503,4.20,1.00
2008.06.24 19:09:10.352,2.04995,2.0503,1.30,1.00
2008.06.24 19:09:10.772,2.04995,2.0503,4.20,1.00
2008.06.24 19:09:10.873,2.05,2.0503,2.80,1.00
2008.06.24 19:09:18.576,2.05,2.0502,2.80,1.00
2008.06.24 19:09:18.881,2.04995,2.0502,2.80,1.00
2008.06.24 19:09:19.183,2.0499,2.0502,4.20,1.00
2008.06.24 19:09:19.577,2.0499,2.0501,4.20,1.00
2008.06.24 19:09:19.761,2.0499,2.0501,2.80,1.00
2008.06.24 19:09:19.932,2.0498,2.05,4.20,1.00
2008.06.24 19:09:20.105,2.0498,2.05,2.80,1.00
2008.06.24 19:09:20.439,2.0497,2.05,4.80,1.00
2008.06.24 19:09:21.772,2.0497,2.05,4.20,1.00
2008.06.24 19:09:21.895,2.0497,2.0498,2.80,1.00
2008.06.24 19:09:22.029,2.0498,2.05005,2.20,1.00
2008.06.24 19:09:22.155,2.0499,2.05005,1.30,1.00
2008.06.24 19:09:22.313,2.0499,2.05005,4.20,1.00
2008.06.24 19:09:22.581,2.0499,2.05,2.80,1.00
2008.06.24 19:09:22.700,2.0497,2.05,4.20,1.00
2008.06.24 19:09:23.619,2.0497,2.05,2.80,1.00
2008.06.24 19:09:23.890,2.04965,2.05,4.20,1.00
2008.06.24 19:09:24.033,2.0498,2.05005,2.20,1.00
2008.06.24 19:09:24.094,2.0499,2.05005,1.30,1.00
2008.06.24 19:09:24.152,2.0499,2.05005,4.20,1.00
2008.06.24 19:09:24.429,2.0499,2.05005,2.80,1.00
2008.06.24 19:09:24.579,2.04985,2.05005,4.20,1.00
2008.06.24 19:09:25.138,2.0499,2.05005,2.80,1.00
2008.06.24 19:09:25.734,2.04985,2.05005,4.20,1.00
2008.06.24 19:09:26.409,2.0497,2.05,4.80,1.00
2008.06.24 19:09:26.594,2.0497,2.05,4.20,1.00
2008.06.24 19:09:26.929,2.0497,2.05,1.30,1.00
2008.06.24 19:09:27.108,2.0497,2.05,4.20,1.00
2008.06.24 19:09:28.825,2.0497,2.05,4.80,1.00
2008.06.24 19:09:28.880,2.0497,2.05005,4.80,1.00
2008.06.24 19:09:29.069,2.04975,2.05005,1.30,1.00
2008.06.24 19:09:29.358,2.04975,2.05005,4.20,1.00
2008.06.24 19:09:29.579,2.04975,2.05005,1.30,1.00
2008.06.24 19:09:29.797,2.0497,2.05005,4.80,1.00
2008.06.24 19:09:30.737,2.0497,2.05,4.80,1.00
2008.06.24 19:09:35.443,2.0497,2.05,4.20,1.00
2008.06.24 19:09:35.529,2.04975,2.05005,1.30,1.00
2008.06.24 19:09:35.678,2.04975,2.05005,4.20,1.00
2008.06.24 19:09:36.397,2.0498,2.05005,1.30,1.00
2008.06.24 19:09:36.656,2.04985,2.05005,1.30,1.00
2008.06.24 19:09:36.835,2.04985,2.05005,4.20,1.00
2008.06.24 19:09:41.068,2.04985,2.05005,2.80,1.00
2008.06.24 19:09:41.248,2.0498,2.05005,6.60,1.00
2008.06.24 19:09:45.823,2.0498,2.05,4.20,1.00
2008.06.24 19:09:46.160,2.0498,2.05,1.30,1.00
2008.06.24 19:09:46.214,2.0497,2.05,4.20,1.00
2008.06.24 19:09:47.949,2.0497,2.05,2.80,1.00
2008.06.24 19:09:48.380,2.0497,2.05,1.30,1.00
2008.06.24 19:09:48.673,2.0497,2.05005,1.30,1.00
2008.06.24 19:09:48.848,2.04965,2.05005,5.50,1.00
2008.06.24 19:09:49.821,2.0497,2.05005,2.80,1.00
2008.06.24 19:09:50.404,2.0497,2.05005,4.20,1.00
2008.06.24 19:09:52.745,2.0497,2.05,4.20,1.00
2008.06.24 19:09:52.899,2.0497,2.05,2.80,1.00
2008.06.24 19:09:53.195,2.0496,2.05,4.20,1.00
2008.06.24 19:09:55.823,2.0496,2.05,2.80,1.00
2008.06.24 19:09:55.900,2.04955,2.05,5.50,1.00
2008.06.24 19:09:56.196,2.04955,2.0499,5.50,1.00
2008.06.24 19:09:56.678,2.0496,2.0499,4.20,1.00
2008.06.24 19:09:56.991,2.04965,2.05005,1.30,1.00
2008.06.24 19:09:57.237,2.04965,2.05005,4.20,1.00
2008.06.24 19:09:58.406,2.04955,2.0499,4.20,1.00
2008.06.24 19:09:58.564,2.04955,2.0499,2.80,1.00
2008.06.24 19:09:58.966,2.0495,2.0499,4.80,1.00
2008.06.24 19:09:59.197,2.04955,2.0499,1.20,1.00
2008.06.24 19:09:59.283,2.04955,2.05,1.20,1.00
2008.06.24 19:10:00.440,2.0496,2.05,1.30,1.00
2008.06.24 19:10:00.650,2.0496,2.05,4.20,1.00
2008.06.24 19:10:01.480,2.04965,2.05,1.20,1.00
2008.06.24 19:10:01.596,2.04965,2.05005,1.20,1.00
2008.06.24 19:10:01.705,2.0496,2.05005,7.20,1.00
2008.06.24 19:10:01.882,2.0497,2.05,4.20,1.00
2008.06.24 19:10:02.061,2.0497,2.05,1.30,1.00
2008.06.24 19:10:02.412,2.0497,2.05,4.20,1.00
2008.06.24 19:10:02.596,2.0497,2.05005,4.20,1.00
2008.06.24 19:10:02.790,2.0497,2.05,1.30,1.00
2008.06.24 19:10:02.904,2.0497,2.05,2.80,1.00
2008.06.24 19:10:03.140,2.0496,2.05,4.20,1.00
2008.06.24 19:10:04.753,2.0496,2.0499,4.80,1.00
2008.06.24 19:10:04.832,2.0496,2.0499,3.30,1.00
2008.06.24 19:10:04.914,2.0496,2.0499,1.00,1.00
2008.06.24 19:10:04.991,2.0496,2.05,1.00,1.00
2008.06.24 19:10:07.202,2.04955,2.05,5.50,1.00
2008.06.24 19:10:10.140,2.0496,2.05,2.80,1.00
2008.06.24 19:10:10.417,2.0496,2.05,4.20,1.00
2008.06.24 19:10:11.038,2.04965,2.05,1.30,1.00
2008.06.24 19:10:11.176,2.04965,2.05,4.20,1.00
2008.06.24 19:10:11.353,2.04965,2.05,2.80,1.00
2008.06.24 19:10:11.668,2.0496,2.05,4.20,1.00
2008.06.24 19:10:14.852,2.0496,2.05,4.80,1.00
2008.06.24 19:10:22.111,2.0497,2.05,1.30,1.00
2008.06.24 19:10:23.047,2.04975,2.05,1.30,1.00
2008.06.24 19:10:23.117,2.04975,2.05005,1.30,1.00
2008.06.24 19:10:23.187,2.04975,2.05005,4.20,1.00
2008.06.24 19:10:23.557,2.04975,2.05005,2.80,1.00
2008.06.24 19:10:23.624,2.0497,2.05005,4.80,1.00
2008.06.24 19:10:24.126,2.04975,2.05005,1.30,1.00
2008.06.24 19:10:24.375,2.0498,2.05005,4.20,1.00
2008.06.24 19:10:29.575,2.0498,2.05005,2.80,1.00
2008.06.24 19:10:29.915,2.04975,2.05005,4.20,1.00
2008.06.24 19:10:29.974,2.0498,2.05005,1.30,1.00
2008.06.24 19:10:30.204,2.0498,2.05005,4.20,1.00
2008.06.24 19:10:31.838,2.0498,2.05005,2.80,1.00
2008.06.24 19:10:31.984,2.04975,2.05005,1.30,1.00
2008.06.24 19:10:32.072,2.04975,2.05005,4.20,1.00
2008.06.24 19:10:32.568,2.0498,2.05005,1.00,1.00
2008.06.24 19:10:33.162,2.0499,2.05005,1.00,1.00
2008.06.24 19:10:33.602,2.0498,2.05005,1.90,1.00
2008.06.24 19:10:34.180,2.0498,2.05005,4.20,1.00
2008.06.24 19:10:41.271,2.0498,2.05005,2.80,1.00
2008.06.24 19:10:41.380,2.04975,2.05005,4.20,1.00
2008.06.24 19:10:42.741,2.04975,2.05005,2.80,1.00
2008.06.24 19:10:43.152,2.0497,2.05005,7.20,1.00
2008.06.24 19:10:43.353,2.04975,2.05005,2.80,1.00
2008.06.24 19:10:43.481,2.04975,2.05005,4.20,1.00
2008.06.24 19:10:43.732,2.04975,2.05005,2.80,1.00
2008.06.24 19:10:43.862,2.0497,2.05005,7.20,1.00
2008.06.24 19:10:44.420,2.04975,2.05005,2.80,1.00
2008.06.24 19:10:44.539,2.04975,2.05005,4.20,1.00
2008.06.24 19:10:44.767,2.04975,2.05005,2.80,1.00
2008.06.24 19:10:45.009,2.0497,2.05005,7.20,1.00
2008.06.24 19:10:48.305,2.0497,2.0499,3.30,1.00
2008.06.24 19:10:48.409,2.0497,2.0499,1.00,1.00
2008.06.24 19:10:48.519,2.0495,2.0499,4.80,1.00
2008.06.24 19:10:48.720,2.0495,2.0497,4.20,1.00
2008.06.24 19:10:49.419,2.0495,2.0497,2.80,1.00
2008.06.24 19:10:49.489,2.04945,2.0497,1.30,1.00
2008.06.24 19:10:49.577,2.04945,2.0498,1.30,1.00
2008.06.24 19:10:49.652,2.04945,2.0498,4.20,1.00
2008.06.24 19:10:49.793,2.0495,2.0498,1.30,1.00
2008.06.24 19:10:51.721,2.0495,2.0498,1.30,1.00
2008.06.24 19:10:51.790,2.0495,2.0496,1.30,1.00
2008.06.24 19:10:52.130,2.0493,2.0496,4.20,1.00
2008.06.24 19:10:52.920,2.0494,2.0498,3.60,2.80
2008.06.24 19:10:53.165,2.0494,2.0498,2.20,2.80
2008.06.24 19:10:53.503,2.0495,2.0498,1.30,2.80
2008.06.24 19:10:53.586,2.04955,2.04985,2.80,1.00
2008.06.24 19:10:53.762,2.0495,2.0497,4.20,1.00
2008.06.24 19:10:53.987,2.0495,2.0497,2.80,1.00
2008.06.24 19:10:54.133,2.0494,2.0497,4.20,1.00
2008.06.24 19:10:55.439,2.0494,2.0497,2.80,1.00
2008.06.24 19:10:55.627,2.0494,2.0496,2.80,1.00
2008.06.24 19:10:55.682,2.04935,2.0496,4.20,1.00
2008.06.24 19:10:56.359,2.04935,2.0496,1.30,1.00
2008.06.24 19:10:56.559,2.0493,2.0496,4.20,1.00
2008.06.24 19:10:56.676,2.0493,2.0497,4.20,1.00
2008.06.24 19:10:56.890,2.0493,2.0497,5.50,1.00
2008.06.24 19:10:57.095,2.04935,2.0497,1.30,1.00
2008.06.24 19:10:57.158,2.0494,2.0497,2.80,1.00
2008.06.24 19:11:03.676,2.04935,2.0497,4.20,1.00
2008.06.24 19:11:09.154,2.0494,2.0497,2.80,1.00
2008.06.24 19:11:10.015,2.0494,2.0497,4.20,1.00
2008.06.24 19:11:10.377,2.0494,2.0497,2.80,1.00
2008.06.24 19:11:10.448,2.0493,2.0497,4.80,1.00
2008.06.24 19:11:11.402,2.0493,2.0497,6.10,1.00
2008.06.24 19:11:11.576,2.0494,2.0498,2.20,1.00
2008.06.24 19:11:11.699,2.0494,2.04985,2.20,1.00
2008.06.24 19:11:11.812,2.0494,2.04985,3.60,1.00
2008.06.24 19:11:12.096,2.0495,2.0497,2.80,1.00
2008.06.24 19:11:12.632,2.0494,2.0497,4.20,1.00
2008.06.24 19:11:18.055,2.0494,2.04985,6.60,1.00
2008.06.24 19:11:18.175,2.0494,2.04985,7.80,1.00
2008.06.24 19:11:18.449,2.0495,2.04985,2.80,1.00
2008.06.24 19:11:18.956,2.0495,2.04985,4.20,1.00
2008.06.24 19:11:31.726,2.04955,2.04985,2.80,1.00
2008.06.24 19:11:31.904,2.04955,2.04985,4.20,1.00
2008.06.24 19:11:33.199,2.0496,2.04985,1.20,1.00
2008.06.24 19:11:33.304,2.0496,2.04985,1.80,1.00
2008.06.24 19:11:33.369,2.0496,2.04985,4.00,1.00
2008.06.24 19:11:33.435,2.0496,2.04985,3.60,1.00
2008.06.24 19:11:33.769,2.0497,2.04985,1.30,1.00
2008.06.24 19:11:34.141,2.0497,2.04985,4.20,1.00
2008.06.24 19:11:34.600,2.0497,2.04985,2.80,1.00
2008.06.24 19:11:34.878,2.0496,2.04985,4.20,1.00
2008.06.24 19:11:35.804,2.0496,2.04985,1.30,1.00
2008.06.24 19:11:36.279,2.04955,2.04985,4.20,1.00
2008.06.24 19:11:41.089,2.04955,2.04985,2.80,1.00
2008.06.24 19:11:41.196,2.0495,2.04985,4.80,1.00
2008.06.24 19:11:44.691,2.0496,2.04985,1.00,1.00
2008.06.24 19:11:45.084,2.0496,2.04985,3.30,1.00
2008.06.24 19:11:45.650,2.0496,2.04985,2.80,1.00
2008.06.24 19:11:45.681,2.04965,2.04985,1.20,1.00
2008.06.24 19:11:45.807,2.04975,2.04985,1.30,1.00
2008.06.24 19:11:45.876,2.04975,2.04985,4.20,1.00
2008.06.24 19:11:46.615,2.04975,2.04985,2.80,1.00
2008.06.24 19:11:47.024,2.0497,2.04985,4.20,1.00
2008.06.24 19:11:47.557,2.04965,2.04985,2.80,1.00
2008.06.24 19:11:47.813,2.0496,2.04985,4.20,1.00
2008.06.24 19:11:48.237,2.0496,2.04985,2.80,1.00
2008.06.24 19:11:48.384,2.0496,2.0498,2.80,1.00
2008.06.24 19:11:48.655,2.0495,2.0498,4.20,1.00
2008.06.24 19:11:49.664,2.0495,2.04985,5.50,1.00
2008.06.24 19:11:49.823,2.04955,2.04985,1.30,1.00
2008.06.24 19:11:49.986,2.04955,2.04985,4.20,1.00
2008.06.24 19:11:50.328,2.0496,2.04985,1.30,1.00
2008.06.24 19:11:50.510,2.04955,2.04985,4.20,1.00
2008.06.24 19:11:50.688,2.0496,2.04985,2.80,1.00
2008.06.24 19:11:50.833,2.04955,2.04985,4.20,1.00
2008.06.24 19:11:53.294,2.04955,2.04985,2.80,1.00
2008.06.24 19:11:53.327,2.0495,2.04985,4.80,1.00
2008.06.24 19:11:54.902,2.0495,2.04985,3.30,1.00
2008.06.24 19:11:55.064,2.0495,2.04985,2.80,1.00
2008.06.24 19:11:55.122,2.04945,2.04985,5.50,1.00
2008.06.24 19:11:55.217,2.04945,2.04985,4.20,1.00
2008.06.24 19:11:56.852,2.04945,2.04985,5.50,1.00
2008.06.24 19:12:01.643,2.04945,2.04985,4.20,1.00
2008.06.24 19:12:03.580,2.04945,2.0498,2.80,1.00
2008.06.24 19:12:03.667,2.04935,2.0498,5.50,1.00
2008.06.24 19:12:03.753,2.04935,2.0497,4.20,1.00
2008.06.24 19:12:03.989,2.04935,2.0497,2.80,1.00
2008.06.24 19:12:04.112,2.0493,2.0497,4.80,1.00
2008.06.24 19:12:04.252,2.0493,2.0497,4.20,1.00
2008.06.24 19:12:04.392,2.0493,2.0496,2.80,1.00
2008.06.24 19:12:04.521,2.04925,2.0496,2.80,1.00
2008.06.24 19:12:05.891,2.04925,2.0496,4.00,1.00
2008.06.24 19:12:05.951,2.04925,2.0497,4.00,1.00
2008.06.24 19:12:06.015,2.0493,2.0497,1.30,1.00
2008.06.24 19:12:06.400,2.0493,2.0497,4.20,1.00
2008.06.24 19:12:08.160,2.0496,2.04985,2.20,3.30
2008.06.24 19:12:08.483,2.0494,2.0498,1.90,1.00
2008.06.24 19:12:08.653,2.0495,2.0498,1.20,1.00
2008.06.24 19:12:08.745,2.0495,2.0498,1.00,1.00
2008.06.24 19:12:08.832,2.0494,2.0498,1.00,1.00
2008.06.24 19:12:08.921,2.04945,2.0498,2.80,1.00
2008.06.24 19:12:09.181,2.0494,2.0498,3.30,1.00
2008.06.24 19:12:09.269,2.0494,2.0498,1.00,1.00
2008.06.24 19:12:17.100,2.04935,2.0498,5.50,1.00
2008.06.24 19:12:22.238,2.04935,2.0497,4.20,1.00
2008.06.24 19:12:22.562,2.04935,2.0497,2.80,1.00
2008.06.24 19:12:22.827,2.0493,2.0496,4.20,1.00
2008.06.24 19:12:23.328,2.0493,2.0497,4.20,1.00
2008.06.24 19:12:23.593,2.0493,2.0496,4.20,1.00
2008.06.24 19:12:23.656,2.0493,2.0496,1.30,1.00
2008.06.24 19:12:23.727,2.0493,2.0497,1.30,1.00
2008.06.24 19:12:23.975,2.0493,2.0496,1.30,1.00
2008.06.24 19:12:24.166,2.04925,2.0496,2.80,1.00
2008.06.24 19:12:24.235,2.04935,2.04975,1.20,2.80
2008.06.24 19:12:24.364,2.04935,2.04975,1.20,2.80
2008.06.24 19:12:24.445,2.04935,2.0498,1.20,1.00
2008.06.24 19:12:24.852,2.04935,2.0498,2.60,1.00
2008.06.24 19:12:25.112,2.04935,2.0498,5.50,1.00
2008.06.24 19:12:27.414,2.04935,2.0498,4.20,1.00
2008.06.24 19:12:27.617,2.04935,2.0497,4.20,1.00
2008.06.24 19:12:27.828,2.04935,2.0498,5.50,1.00
2008.06.24 19:12:28.038,2.04935,2.0498,2.60,1.00
2008.06.24 19:12:28.245,2.04935,2.0498,1.20,1.00
2008.06.24 19:12:28.456,2.04935,2.0498,2.60,1.00
2008.06.24 19:12:28.576,2.04935,2.0498,5.50,1.00
2008.06.24 19:12:37.156,2.04935,2.0498,4.00,1.00
2008.06.24 19:12:37.284,2.04935,2.0498,2.80,1.00
2008.06.24 19:12:37.413,2.0493,2.0498,4.80,1.00
2008.06.24 19:12:37.547,2.04935,2.0498,1.20,1.00
2008.06.24 19:12:37.673,2.04935,2.0498,2.60,1.00
2008.06.24 19:12:37.803,2.04935,2.0498,5.50,1.00
2008.06.24 19:12:37.931,2.04935,2.0498,4.00,1.00
2008.06.24 19:12:38.278,2.04945,2.04985,1.20,3.30
2008.06.24 19:12:38.491,2.04945,2.04985,2.60,3.30
2008.06.24 19:12:38.601,2.04945,2.04985,5.50,1.00
2008.06.24 19:12:42.350,2.04955,2.04985,1.20,1.00
2008.06.24 19:12:42.667,2.0496,2.04985,1.30,1.00
2008.06.24 19:12:42.834,2.04955,2.04985,1.20,1.00
2008.06.24 19:12:43.057,2.0496,2.04985,2.80,1.00
2008.06.24 19:12:43.225,2.04955,2.04985,1.20,1.00
2008.06.24 19:12:43.760,2.0495,2.04985,3.30,1.00
2008.06.24 19:12:43.892,2.04945,2.04985,5.50,1.00
2008.06.24 19:12:44.216,2.04945,2.04985,2.60,1.00
2008.06.24 19:12:44.361,2.04945,2.04985,1.20,1.00
2008.06.24 19:12:44.455,2.04955,2.04985,1.20,1.00
2008.06.24 19:12:44.894,2.0495,2.04985,6.10,1.00
2008.06.24 19:12:45.282,2.04955,2.04985,1.20,1.00
2008.06.24 19:13:05.336,2.0496,2.04985,2.20,1.00
2008.06.24 19:13:08.926,2.04965,2.04985,1.20,1.00
2008.06.24 19:13:10.756,2.0496,2.04985,8.40,1.00
2008.06.24 19:13:11.403,2.0496,2.04985,7.20,1.00
2008.06.24 19:13:11.508,2.0496,2.04985,5.10,1.00
2008.06.24 19:13:11.708,2.0496,2.04985,2.20,1.00
2008.06.24 19:13:14.333,2.0496,2.04985,3.60,1.00
2008.06.24 19:13:14.468,2.0496,2.04985,4.00,1.00
2008.06.24 19:13:14.608,2.0496,2.04985,5.50,1.00
2008.06.24 19:13:14.755,2.0496,2.04985,8.40,1.00
2008.06.24 19:13:16.501,2.0496,2.04985,5.70,1.00
2008.06.24 19:13:16.685,2.0496,2.04985,2.20,1.00
2008.06.24 19:13:17.554,2.0496,2.04985,5.50,1.00
2008.06.24 19:13:17.736,2.0496,2.04985,8.40,1.00
2008.06.24 19:13:20.388,2.0496,2.04985,7.20,1.00
2008.06.24 19:13:20.432,2.0496,2.04985,5.70,1.00
2008.06.24 19:13:20.543,2.0496,2.04985,5.10,1.00
2008.06.24 19:13:20.591,2.0496,2.04985,2.20,1.00
2008.06.24 19:13:23.311,2.0496,2.04985,3.60,1.00
2008.06.24 19:13:23.513,2.0496,2.04985,5.50,1.00
2008.06.24 19:13:23.741,2.0496,2.04985,8.40,1.00
2008.06.24 19:13:26.456,2.0496,2.04985,7.20,1.00
2008.06.24 19:13:26.513,2.0496,2.04985,6.60,1.00
2008.06.24 19:13:26.571,2.0496,2.04985,5.10,1.00
2008.06.24 19:13:26.631,2.0496,2.04985,2.20,1.00
2008.06.24 19:13:33.903,2.0496,2.04985,3.70,1.00
2008.06.24 19:13:34.077,2.0496,2.04985,6.60,1.00
2008.06.24 19:13:36.914,2.0496,2.04985,8.40,1.00
2008.06.24 19:13:37.030,2.04965,2.04985,1.30,1.00
2008.06.24 19:13:37.090,2.04965,2.04985,4.20,1.00
2008.06.24 19:13:40.398,2.04965,2.04985,2.80,1.00
2008.06.24 19:13:40.650,2.0496,2.04985,6.60,1.00
2008.06.24 19:13:43.947,2.0496,2.04985,7.80,1.00
2008.06.24 19:13:44.082,2.04965,2.04985,1.30,1.00
2008.06.24 19:13:44.110,2.04965,2.04985,2.20,1.00
2008.06.24 19:13:44.308,2.04965,2.04985,5.10,1.00
2008.06.24 19:13:44.919,2.04965,2.04985,2.80,1.00
2008.06.24 19:13:45.165,2.0496,2.04985,2.20,1.00
2008.06.24 19:13:46.466,2.0496,2.04985,3.70,1.00
2008.06.24 19:13:46.566,2.0496,2.04985,6.60,1.00
2008.06.24 19:13:46.625,2.04965,2.04985,1.20,1.00
2008.06.24 19:13:46.770,2.0498,2.04985,2.20,1.00
2008.06.24 19:13:57.893,2.0496,2.04985,4.80,1.00
2008.06.24 19:13:58.004,2.0496,2.04985,2.80,1.00
2008.06.24 19:13:58.227,2.04955,2.04985,4.20,1.00
2008.06.24 19:13:58.605,2.0496,2.04985,2.20,1.00
2008.06.24 19:13:58.765,2.04965,2.04985,1.30,1.00
2008.06.24 19:13:59.091,2.04965,2.04985,4.20,1.00
2008.06.24 19:13:59.646,2.04965,2.04985,1.30,1.00
2008.06.24 19:14:00.009,2.0498,2.04985,2.20,1.00
2008.06.24 19:14:09.211,2.0496,2.04985,4.80,1.00
2008.06.24 19:14:09.272,2.0496,2.04985,3.30,1.00
2008.06.24 19:14:09.370,2.0496,2.04985,1.00,1.00
2008.06.24 19:14:10.821,2.0496,2.0498,1.00,1.00
2008.06.24 19:14:12.413,2.0497,2.04985,2.20,1.00
2008.06.24 19:14:14.658,2.0496,2.04985,1.00,1.00
2008.06.24 19:14:24.687,2.0496,2.0498,1.00,1.00
2008.06.24 19:14:28.529,2.0496,2.04985,1.00,1.00
2008.06.24 19:14:31.916,2.0496,2.0498,1.00,1.00
2008.06.24 19:14:32.969,2.0497,2.04985,2.20,1.00
2008.06.24 19:14:33.108,2.0496,2.04985,1.00,1.00
2008.06.24 19:14:39.143,2.0497,2.04985,2.20,1.00
2008.06.24 19:14:48.213,2.0496,2.04985,1.00,1.00
2008.06.24 19:14:50.900,2.0497,2.04985,2.20,1.00
2008.06.24 19:15:08.540,2.0496,2.04985,1.00,1.00
2008.06.24 19:15:08.787,2.04955,2.04985,2.80,1.00
2008.06.24 19:15:09.112,2.0495,2.04985,2.80,1.00
2008.06.24 19:15:13.984,2.0497,2.04985,2.20,1.00
2008.06.24 19:15:48.129,2.0498,2.04985,2.20,1.00
2008.06.24 19:16:14.191,2.0496,2.04985,6.60,1.00
2008.06.24 19:16:14.331,2.0496,2.04985,5.10,1.00
2008.06.24 19:16:14.698,2.0496,2.04985,2.20,1.00
2008.06.24 19:16:16.410,2.0496,2.04985,3.60,1.00
2008.06.24 19:16:16.576,2.0497,2.04985,2.20,1.00
2008.06.24 19:16:22.301,2.0498,2.04985,2.20,1.00
2008.06.24 19:16:32.423,2.0497,2.04985,1.00,1.00
2008.06.24 19:16:32.571,2.04955,2.04985,1.30,1.00
2008.06.24 19:16:32.718,2.0494,2.04985,2.80,1.00
2008.06.24 19:16:32.870,2.0494,2.04985,2.80,3.30
2008.06.24 19:16:34.480,2.0494,2.04985,2.20,3.30
2008.06.24 19:16:41.965,2.0494,2.0498,2.20,1.00
2008.06.24 19:16:54.330,2.0494,2.0498,2.20,1.00
2008.06.24 19:16:54.549,2.0494,2.0498,2.20,2.80
2008.06.24 19:17:00.630,2.0494,2.0498,2.20,3.80
2008.06.24 19:17:02.349,2.0494,2.0498,2.20,2.80
2008.06.24 19:17:02.617,2.0494,2.0498,2.20,1.00
2008.06.24 19:17:02.655,2.0494,2.0498,2.20,1.00
2008.06.24 19:17:11.653,2.0494,2.0498,2.20,2.80
2008.06.24 19:17:25.524,2.04925,2.04975,4.00,1.00
2008.06.24 19:17:25.666,2.04925,2.04975,1.20,2.80
2008.06.24 19:17:25.743,2.04925,2.0497,1.20,1.00
2008.06.24 19:17:25.863,2.04925,2.0497,1.20,2.80
2008.06.24 19:17:25.944,2.0493,2.0497,2.20,2.80
2008.06.24 19:17:26.208,2.04925,2.0497,1.20,2.80
2008.06.24 19:17:26.287,2.04915,2.0497,4.20,2.80
2008.06.24 19:17:27.242,2.04915,2.04965,4.20,1.00
2008.06.24 19:17:27.366,2.04915,2.04965,4.20,2.80
2008.06.24 19:17:27.845,2.04915,2.0496,4.20,1.00
2008.06.24 19:17:28.173,2.04915,2.0496,1.30,2.80
2008.06.24 19:17:28.342,2.0491,2.04955,2.20,1.00
2008.06.24 19:17:28.744,2.0491,2.04955,2.20,2.80
2008.06.24 19:17:29.012,2.0491,2.0495,2.20,1.00
2008.06.24 19:17:29.203,2.0491,2.0495,2.20,1.00
2008.06.24 19:17:29.463,2.0491,2.0495,2.20,2.80
2008.06.24 19:17:29.574,2.0491,2.04955,2.20,2.80
2008.06.24 19:17:29.854,2.0491,2.0495,2.20,1.00
2008.06.24 19:17:29.972,2.0491,2.0495,2.20,1.00
2008.06.24 19:17:30.200,2.0491,2.0495,2.20,2.80
2008.06.24 19:17:30.387,2.0491,2.0495,2.20,2.80
2008.06.24 19:17:30.522,2.0491,2.04955,2.20,2.80
2008.06.24 19:17:30.642,2.0491,2.04955,2.20,1.00
2008.06.24 19:17:30.819,2.0491,2.0495,2.20,1.00
2008.06.24 19:17:31.031,2.0491,2.0495,2.20,1.00
2008.06.24 19:17:31.255,2.0491,2.0495,2.20,2.80
2008.06.24 19:17:31.353,2.0491,2.0495,2.20,1.00
2008.06.24 19:17:31.455,2.0491,2.04955,2.20,2.80
2008.06.24 19:17:31.555,2.0491,2.04955,2.20,2.80
2008.06.24 19:17:31.650,2.0491,2.0496,2.20,2.80
2008.06.24 19:17:31.808,2.0491,2.0495,2.20,1.00
2008.06.24 19:17:32.214,2.0491,2.0495,2.20,2.80
2008.06.24 19:17:32.405,2.0491,2.0495,2.20,1.00
2008.06.24 19:17:32.507,2.0491,2.04955,2.20,2.80
2008.06.24 19:17:32.605,2.049,2.04955,4.20,2.80
2008.06.24 19:17:32.839,2.04905,2.04955,2.80,2.80
2008.06.24 19:17:32.952,2.04905,2.04955,2.80,3.00
2008.06.24 19:17:33.303,2.049,2.0493,4.20,1.00
2008.06.24 19:17:33.556,2.0489,2.0494,3.70,2.80
2008.06.24 19:17:33.872,2.0489,2.0494,6.60,1.00
2008.06.24 19:17:34.852,2.0489,2.0494,5.10,1.00
2008.06.24 19:17:35.002,2.0489,2.0493,5.10,1.00
2008.06.24 19:17:35.227,2.0489,2.0493,2.20,1.00
2008.06.24 19:17:36.946,2.0489,2.0493,2.20,1.00
2008.06.24 19:17:41.510,2.0489,2.0493,3.70,1.00
2008.06.24 19:17:41.599,2.0489,2.0493,3.70,1.00
2008.06.24 19:17:41.691,2.0489,2.0493,6.60,1.00
2008.06.24 19:17:42.991,2.0489,2.0493,5.10,1.00
2008.06.24 19:17:43.162,2.0489,2.04935,2.20,1.00
2008.06.24 19:17:43.399,2.0489,2.0492,2.20,1.00
2008.06.24 19:17:43.592,2.04895,2.0492,1.30,1.00
2008.06.24 19:17:43.851,2.04895,2.0492,2.80,1.00
2008.06.24 19:17:43.971,2.0489,2.0492,2.20,1.00
2008.06.24 19:17:46.238,2.0489,2.0493,2.20,2.80
2008.06.24 19:17:46.452,2.0489,2.0493,2.20,1.00
2008.06.24 19:17:46.658,2.0489,2.0493,2.20,2.80
2008.06.24 19:17:47.783,2.0489,2.04925,2.20,1.00
2008.06.24 19:17:49.117,2.0489,2.04925,3.60,1.00
2008.06.24 19:17:49.278,2.0489,2.04925,3.60,2.80
2008.06.24 19:17:49.501,2.0489,2.0493,3.60,2.80
2008.06.24 19:17:50.912,2.0489,2.0493,3.60,2.80
2008.06.24 19:17:51.203,2.0489,2.04935,3.60,3.30
2008.06.24 19:17:51.518,2.0489,2.04935,3.60,3.30
2008.06.24 19:17:51.727,2.0489,2.04935,4.90,1.00
2008.06.24 19:17:51.944,2.049,2.04935,3.60,1.00
2008.06.24 19:17:54.887,2.049,2.04935,4.00,1.00
2008.06.24 19:17:55.220,2.049,2.04935,3.60,1.00
2008.06.24 19:17:55.871,2.0491,2.04935,1.20,1.00
2008.06.24 19:17:57.351,2.0491,2.04935,3.60,1.00
2008.06.24 19:17:57.505,2.04915,2.04935,1.20,1.00
2008.06.24 19:17:58.925,2.0491,2.04935,2.20,1.00
2008.06.24 19:18:06.272,2.04895,2.04935,1.30,1.00
2008.06.24 19:18:06.615,2.04895,2.04935,4.20,1.00
2008.06.24 19:18:06.733,2.04895,2.04935,5.50,1.00
2008.06.24 19:18:07.354,2.049,2.04935,1.20,1.00
2008.06.24 19:18:15.978,2.04895,2.04935,1.20,1.00
2008.06.24 19:18:28.763,2.04895,2.04935,1.20,1.00
2008.06.24 19:18:28.985,2.0489,2.04935,2.20,1.00
2008.06.24 19:18:29.134,2.0489,2.04935,2.20,3.30
2008.06.24 19:18:29.941,2.04895,2.04935,1.20,3.30
2008.06.24 19:18:30.199,2.0489,2.04935,2.80,3.30
2008.06.24 19:18:30.370,2.049,2.04935,1.00,1.00
2008.06.24 19:18:30.539,2.04895,2.04935,3.60,1.00
2008.06.24 19:18:30.711,2.0491,2.04935,2.20,1.00
2008.06.24 19:18:42.687,2.0493,2.04935,2.20,1.00
2008.06.24 19:18:53.643,2.04915,2.04935,4.20,1.00
2008.06.24 19:18:53.833,2.04915,2.04935,2.80,1.00
2008.06.24 19:18:54.069,2.0491,2.04935,5.10,1.00
2008.06.24 19:18:54.236,2.0491,2.04935,2.20,1.00
2008.06.24 19:18:54.587,2.049,2.04935,4.20,1.00
2008.06.24 19:18:54.728,2.049,2.04935,2.80,1.00
2008.06.24 19:18:54.963,2.04895,2.04935,1.20,1.00
2008.06.24 19:18:56.700,2.04895,2.04935,4.00,1.00
2008.06.24 19:18:56.781,2.04895,2.04935,2.80,1.00
2008.06.24 19:18:57.132,2.04895,2.04935,4.20,1.00
2008.06.24 19:18:58.378,2.04895,2.04935,2.80,1.00
2008.06.24 19:18:58.611,2.0489,2.04935,2.20,1.00
2008.06.24 19:19:03.065,2.0489,2.04935,2.20,1.00
2008.06.24 19:19:03.157,2.0489,2.04935,2.20,3.30
2008.06.24 19:19:03.842,2.0489,2.0493,2.20,1.00
2008.06.24 19:19:04.078,2.0489,2.0493,2.20,2.80
2008.06.24 19:19:10.354,2.0489,2.0493,3.60,2.80
2008.06.24 19:19:10.569,2.0489,2.0493,3.60,2.80
2008.06.24 19:19:10.698,2.0489,2.04935,3.60,3.30
2008.06.24 19:19:14.737,2.0489,2.0493,3.60,1.00
2008.06.24 19:19:14.829,2.0489,2.0493,3.60,2.80
2008.06.24 19:19:15.332,2.0489,2.0493,2.20,2.80
2008.06.24 19:19:17.472,2.0489,2.0493,2.20,2.80
2008.06.24 19:19:17.652,2.0489,2.04935,2.20,3.30
2008.06.24 19:19:27.906,2.0489,2.0493,2.20,1.00
2008.06.24 19:19:28.143,2.0489,2.0493,2.20,2.80
2008.06.24 19:19:28.292,2.0489,2.04925,2.20,1.00
2008.06.24 19:19:28.523,2.0489,2.0493,2.20,2.80
2008.06.24 19:19:28.957,2.0489,2.04925,2.20,1.00
2008.06.24 19:19:29.298,2.0489,2.04925,2.20,2.80
2008.06.24 19:19:32.567,2.0489,2.04925,2.20,2.80
2008.06.24 19:19:32.861,2.0489,2.0493,2.20,2.80
2008.06.24 19:19:41.600,2.0489,2.04925,2.20,2.80
2008.06.24 19:19:41.643,2.0489,2.04925,2.20,2.80
2008.06.24 19:19:51.891,2.0489,2.0492,2.20,1.00
2008.06.24 19:19:52.188,2.0489,2.0492,2.20,2.80
2008.06.24 19:19:54.009,2.0489,2.0492,2.20,2.80
2008.06.24 19:19:55.702,2.0489,2.0492,2.20,2.80
2008.06.24 19:19:55.918,2.0489,2.0492,2.20,1.00
2008.06.24 19:19:58.015,2.0489,2.0492,2.20,1.00
2008.06.24 19:19:58.321,2.0489,2.0492,2.20,2.80
2008.06.24 19:19:59.722,2.0487,2.0492,1.00,2.80
2008.06.24 19:19:59.793,2.04865,2.0492,4.20,3.80
2008.06.24 19:19:59.847,2.04865,2.049,1.30,2.80
2008.06.24 19:20:00.149,2.0485,2.049,2.20,2.80
2008.06.24 19:20:00.182,2.0485,2.04895,2.20,1.00
2008.06.24 19:20:00.335,2.0485,2.04895,2.20,2.80
2008.06.24 19:20:00.685,2.0485,2.0489,2.20,1.00
2008.06.24 19:20:00.857,2.0485,2.0489,2.20,2.80
2008.06.24 19:20:01.511,2.0485,2.0488,2.20,1.00
2008.06.24 19:20:02.476,2.0485,2.0488,2.20,1.00
2008.06.24 19:20:02.669,2.0485,2.0488,2.20,2.80
2008.06.24 19:20:03.238,2.0485,2.0488,2.20,2.80
2008.06.24 19:20:03.430,2.0485,2.0488,2.20,1.00
2008.06.24 19:20:04.866,2.0485,2.0488,2.20,1.00
2008.06.24 19:20:07.166,2.0485,2.0488,2.20,1.00
2008.06.24 19:20:07.334,2.0483,2.0488,5.10,1.00
2008.06.24 19:20:07.421,2.0483,2.0488,2.20,2.80
2008.06.24 19:20:07.671,2.0483,2.0488,2.80,2.80
2008.06.24 19:20:11.201,2.0483,2.0488,2.20,3.80
2008.06.24 19:20:11.394,2.0483,2.0487,2.20,1.00
2008.06.24 19:20:11.428,2.0483,2.0486,2.20,1.00
2008.06.24 19:20:11.467,2.0483,2.0487,2.20,2.80
2008.06.24 19:20:11.689,2.0483,2.0488,2.20,2.80
2008.06.24 19:20:11.720,2.0483,2.0488,2.80,2.80
2008.06.24 19:20:11.792,2.0483,2.04875,2.80,1.00
2008.06.24 19:20:11.870,2.0483,2.04875,2.80,2.80
2008.06.24 19:20:12.013,2.0483,2.04875,2.80,2.80
2008.06.24 19:20:12.057,2.0483,2.0488,2.80,2.80
2008.06.24 19:20:20.699,2.0483,2.0488,2.20,2.80
2008.06.24 19:20:21.655,2.0483,2.0488,2.80,3.80
2008.06.24 19:20:21.705,2.0483,2.0488,4.30,3.70
2008.06.24 19:20:21.892,2.0483,2.0488,7.20,1.00
2008.06.24 19:20:27.134,2.0485,2.0488,2.20,1.00
2008.06.24 19:20:27.188,2.0485,2.0488,3.60,1.00
2008.06.24 19:20:27.329,2.0485,2.04885,3.60,3.30
2008.06.24 19:20:27.385,2.0485,2.04885,3.60,3.30
2008.06.24 19:20:27.434,2.0485,2.04885,3.60,1.00
2008.06.24 19:20:27.466,2.0485,2.04885,4.00,1.00
2008.06.24 19:20:27.630,2.04855,2.04885,1.30,1.00
2008.06.24 19:20:27.664,2.04855,2.04885,4.20,1.00
2008.06.24 19:20:27.884,2.0486,2.04885,1.30,1.00
2008.06.24 19:20:27.921,2.0487,2.04885,1.00,1.00
2008.06.24 19:20:27.955,2.0487,2.04885,2.20,1.00
2008.06.24 19:20:28.316,2.0487,2.04885,8.40,1.00
2008.06.24 19:20:28.672,2.04875,2.04885,1.30,1.00
2008.06.24 19:20:29.020,2.04875,2.04885,4.20,1.00
2008.06.24 19:20:35.094,2.0488,2.04885,1.20,1.00
2008.06.24 19:20:35.620,2.04885,2.0493,1.30,3.00
2008.06.24 19:20:35.758,2.0489,2.0493,3.60,2.80
2008.06.24 19:20:35.913,2.0489,2.0494,3.60,2.80
2008.06.24 19:20:36.311,2.04895,2.0494,1.30,2.80
2008.06.24 19:20:36.432,2.04895,2.0495,4.20,3.70
2008.06.24 19:20:36.550,2.04895,2.04945,4.20,1.00
2008.06.24 19:20:36.667,2.04895,2.04945,4.20,2.80
2008.06.24 19:20:37.080,2.04895,2.04945,2.80,2.80
2008.06.24 19:20:37.338,2.0489,2.04945,7.80,2.80
2008.06.24 19:20:40.119,2.04895,2.04945,1.30,2.80
2008.06.24 19:20:40.367,2.04895,2.04945,4.20,2.80
2008.06.24 19:20:41.968,2.04895,2.04945,4.20,2.80
2008.06.24 19:20:42.128,2.04895,2.0495,4.20,3.70
2008.06.24 19:20:42.326,2.04895,2.04945,4.20,1.00
2008.06.24 19:20:43.338,2.04895,2.0495,4.20,3.70
2008.06.24 19:21:04.363,2.04895,2.0494,2.80,1.00
2008.06.24 19:21:04.395,2.0489,2.0494,2.80,2.80
2008.06.24 19:21:04.764,2.04895,2.0494,1.30,2.80
2008.06.24 19:21:04.834,2.04895,2.0495,4.20,3.70
2008.06.24 19:21:07.311,2.04895,2.04945,2.80,1.00
2008.06.24 19:21:07.345,2.0489,2.04945,7.20,2.80
2008.06.24 19:21:07.802,2.0489,2.0494,5.70,1.00
2008.06.24 19:21:07.852,2.0489,2.0494,2.80,2.80
2008.06.24 19:21:12.387,2.0489,2.0493,1.00,1.00
2008.06.24 19:21:13.458,2.0489,2.0493,1.00,2.80
2008.06.24 19:21:16.302,2.0489,2.0493,1.00,2.80
2008.06.24 19:21:16.611,2.0489,2.0493,1.00,1.00
2008.06.24 19:21:21.279,2.0489,2.0493,2.80,1.00
2008.06.24 19:21:24.485,2.0489,2.0494,4.30,3.70
2008.06.24 19:21:24.562,2.0489,2.0494,4.30,2.80
2008.06.24 19:21:24.636,2.0489,2.0494,7.20,1.00
2008.06.24 19:21:25.894,2.0489,2.0494,4.30,2.80
2008.06.24 19:21:26.043,2.0489,2.0494,2.80,2.80
2008.06.24 19:21:35.040,2.0489,2.0494,2.80,3.70
2008.06.24 19:21:51.614,2.0489,2.0494,5.70,1.00
2008.06.24 19:21:51.992,2.0489,2.0494,7.20,1.00
2008.06.24 19:21:54.499,2.0489,2.0494,4.30,3.70
2008.06.24 19:21:54.520,2.0489,2.0494,2.80,3.70
2008.06.24 19:22:11.176,2.0489,2.04935,2.80,1.00
2008.06.24 19:22:11.397,2.0489,2.04935,2.80,2.80
2008.06.24 19:22:22.695,2.0489,2.0493,2.80,1.00
2008.06.24 19:22:22.763,2.0489,2.0493,2.80,1.00
2008.06.24 19:22:22.841,2.0489,2.0493,2.80,2.80
2008.06.24 19:22:22.932,2.0489,2.0493,2.80,2.80
2008.06.24 19:22:23.077,2.0489,2.0493,2.80,1.00
2008.06.24 19:22:23.143,2.0489,2.04935,2.80,2.80
2008.06.24 19:22:31.370,2.0489,2.0493,2.80,1.00
2008.06.24 19:22:31.529,2.0489,2.0493,2.80,1.00
2008.06.24 19:22:31.668,2.0489,2.0493,2.80,2.80
2008.06.24 19:22:31.843,2.0489,2.0493,2.80,2.80
2008.06.24 19:22:32.207,2.0489,2.0493,2.80,1.00
2008.06.24 19:22:35.841,2.0489,2.0493,2.80,1.00
2008.06.24 19:22:36.128,2.0489,2.0493,2.80,2.80
2008.06.24 19:22:39.932,2.0489,2.0493,2.80,3.80
2008.06.24 19:22:39.997,2.0489,2.0493,2.80,3.70
2008.06.24 19:22:40.135,2.0489,2.0493,2.80,1.00
2008.06.24 19:22:40.842,2.0489,2.0493,2.80,1.00
2008.06.24 19:22:41.127,2.0489,2.0493,2.80,3.80
2008.06.24 19:22:43.885,2.0489,2.04925,2.80,1.00
2008.06.24 19:22:44.074,2.0489,2.0493,2.80,3.80
2008.06.24 19:22:47.469,2.0489,2.0493,2.80,2.80
2008.06.24 19:22:47.684,2.0489,2.0493,2.80,1.00
2008.06.24 19:22:50.597,2.0489,2.04935,2.80,1.00
2008.06.24 19:22:51.303,2.0489,2.04935,2.80,3.30
2008.06.24 19:22:55.095,2.0489,2.0493,2.80,2.80
2008.06.24 19:23:10.929,2.0489,2.0493,2.80,2.80
2008.06.24 19:23:11.059,2.0489,2.04925,2.80,1.00
2008.06.24 19:23:11.293,2.0489,2.04925,2.80,2.80
2008.06.24 19:23:12.451,2.049,2.04925,1.00,2.80
2008.06.24 19:23:12.547,2.0492,2.04925,2.20,2.80
2008.06.24 19:23:12.837,2.0492,2.04925,2.20,2.80
2008.06.24 19:23:12.982,2.0491,2.04925,1.00,2.80
2008.06.24 19:23:13.061,2.049,2.04925,2.20,2.80
2008.06.24 19:23:13.437,2.049,2.0493,2.20,2.80
2008.06.24 19:23:13.711,2.049,2.04935,2.20,1.00
2008.06.24 19:23:13.979,2.0492,2.04935,2.20,1.00
2008.06.24 19:23:21.727,2.0494,2.0496,2.20,2.80
2008.06.24 19:23:22.200,2.0494,2.0496,2.20,2.80
2008.06.24 19:23:22.228,2.0494,2.0497,2.20,1.00
2008.06.24 19:23:22.938,2.0492,2.0497,7.20,1.00
2008.06.24 19:23:23.203,2.0492,2.04935,5.10,1.00
2008.06.24 19:23:23.398,2.0492,2.04935,2.20,1.00
2008.06.24 19:23:24.561,2.0493,2.04935,1.80,1.00
2008.06.24 19:23:24.738,2.0495,2.0497,1.00,1.30
2008.06.24 19:23:24.916,2.0494,2.0497,1.00,1.30
2008.06.24 19:23:25.098,2.04935,2.0497,1.20,1.30
2008.06.24 19:23:25.180,2.0495,2.0498,2.20,1.00
2008.06.24 19:23:25.430,2.04935,2.0498,2.80,1.00
2008.06.24 19:23:25.522,2.0493,2.04935,3.90,1.00
2008.06.24 19:23:25.835,2.0492,2.04935,6.60,1.00
2008.06.24 19:23:25.968,2.0492,2.04935,5.10,1.00
2008.06.24 19:23:26.285,2.0492,2.04935,2.20,1.00
2008.06.24 19:23:27.537,2.04905,2.04935,4.20,1.00
2008.06.24 19:23:27.677,2.04905,2.04935,2.80,1.00
2008.06.24 19:23:27.891,2.049,2.04935,2.20,1.00
2008.06.24 19:23:29.005,2.049,2.04935,3.60,1.00
2008.06.24 19:23:29.294,2.049,2.04935,4.90,1.00
2008.06.24 19:23:29.511,2.049,2.04935,7.80,1.00
2008.06.24 19:23:29.616,2.049,2.04925,2.80,1.00
2008.06.24 19:23:29.869,2.0488,2.04925,2.80,2.80
2008.06.24 19:23:30.109,2.0489,2.04925,1.20,2.80
2008.06.24 19:23:30.211,2.049,2.0492,2.20,2.80
2008.06.24 19:23:30.347,2.049,2.04925,2.20,1.00
2008.06.24 19:23:30.479,2.0492,2.04935,4.00,1.00
2008.06.24 19:23:30.688,2.0494,2.04945,2.20,2.80
2008.06.24 19:23:30.825,2.0496,2.04985,2.20,6.20
2008.06.24 19:23:30.958,2.0496,2.04965,2.20,2.80
2008.06.24 19:23:31.205,2.0496,2.04985,2.20,1.00
2008.06.24 19:23:32.515,2.0495,2.04985,2.20,1.00
2008.06.24 19:23:33.001,2.0495,2.0498,2.20,1.00
2008.06.24 19:23:33.106,2.0494,2.0498,2.80,1.00
2008.06.24 19:23:33.192,2.0493,2.0498,6.60,2.80
2008.06.24 19:23:33.445,2.0493,2.04965,2.20,2.80
2008.06.24 19:23:33.695,2.0493,2.0496,2.20,2.80
2008.06.24 19:23:34.817,2.0491,2.0496,6.60,2.80
2008.06.24 19:23:34.892,2.0491,2.0496,2.20,2.80
2008.06.24 19:23:35.114,2.0491,2.0495,2.20,1.00
2008.06.24 19:23:35.445,2.0491,2.0495,2.20,2.80
2008.06.24 19:23:35.562,2.049,2.0495,4.00,2.80
2008.06.24 19:23:35.765,2.049,2.0495,4.20,2.80
2008.06.24 19:23:35.955,2.049,2.0493,2.80,1.00
2008.06.24 19:23:36.145,2.0489,2.04925,2.20,1.00
2008.06.24 19:23:36.334,2.0488,2.04925,2.80,1.00
2008.06.24 19:23:36.522,2.0488,2.04925,2.80,2.80
2008.06.24 19:23:38.151,2.0488,2.04925,2.20,2.80
2008.06.24 19:23:39.243,2.049,2.04925,2.20,2.80
2008.06.24 19:23:39.404,2.049,2.0494,2.20,2.80
2008.06.24 19:23:39.854,2.049,2.04935,2.20,2.80
2008.06.24 19:23:41.026,2.0491,2.04935,2.20,2.80
2008.06.24 19:23:41.338,2.0491,2.04935,2.80,2.80
2008.06.24 19:23:41.394,2.0493,2.04935,2.20,2.80
2008.06.24 19:23:41.438,2.0493,2.04945,2.20,2.80
2008.06.24 19:23:41.647,2.04915,2.04945,1.20,2.80
2008.06.24 19:23:41.688,2.04935,2.04945,1.30,2.80
2008.06.24 19:23:41.862,2.04935,2.04955,1.30,1.00
2008.06.24 19:23:42.037,2.0493,2.04955,2.80,1.00
2008.06.24 19:23:42.389,2.0491,2.04955,2.20,1.00
2008.06.24 19:23:43.381,2.0491,2.04955,2.20,3.30
2008.06.24 19:23:43.552,2.0491,2.04955,3.60,3.30
2008.06.24 19:23:43.723,2.0491,2.0495,3.60,2.80
2008.06.24 19:23:45.824,2.0491,2.0495,3.60,2.80
2008.06.24 19:23:45.953,2.0491,2.04955,3.60,3.30
2008.06.24 19:23:46.117,2.0492,2.04955,2.20,3.30
2008.06.24 19:23:47.171,2.0491,2.04955,3.60,3.30
2008.06.24 19:23:47.321,2.0491,2.04955,2.20,3.30
2008.06.24 19:23:47.541,2.04905,2.0495,2.80,1.00
2008.06.24 19:23:47.626,2.04905,2.04945,2.80,1.00
2008.06.24 19:23:47.911,2.049,2.0494,2.20,1.00
2008.06.24 19:23:48.034,2.049,2.0494,3.60,1.00
2008.06.24 19:23:48.114,2.049,2.0494,3.60,2.80
2008.06.24 19:23:48.432,2.0491,2.0495,2.20,1.00
2008.06.24 19:23:48.661,2.0491,2.04955,2.20,3.30
2008.06.24 19:23:48.902,2.049,2.04955,6.60,3.30
2008.06.24 19:23:52.035,2.049,2.04955,7.20,3.30
2008.06.24 19:23:52.118,2.04905,2.04955,1.30,3.30
2008.06.24 19:23:52.221,2.0491,2.04955,2.20,3.30
2008.06.24 19:23:52.689,2.0492,2.04955,1.00,3.30
2008.06.24 19:23:52.831,2.0493,2.04955,2.20,3.30
2008.06.24 19:23:53.231,2.0493,2.04955,2.20,1.00
2008.06.24 19:23:57.306,2.0491,2.0495,5.10,1.00
2008.06.24 19:23:57.400,2.0491,2.0495,2.20,2.80
2008.06.24 19:23:59.908,2.049,2.0495,2.80,2.80
2008.06.24 19:24:00.078,2.049,2.0494,2.80,1.00
2008.06.24 19:24:00.119,2.04895,2.0494,2.80,1.00
2008.06.24 19:24:00.303,2.0489,2.0494,2.20,3.70
2008.06.24 19:24:03.867,2.0491,2.0494,2.20,3.70
2008.06.24 19:24:04.147,2.0491,2.0494,2.20,1.00
2008.06.24 19:24:12.875,2.04895,2.0494,5.50,1.00
2008.06.24 19:24:12.970,2.04925,2.0494,1.20,1.00
2008.06.24 19:24:13.004,2.0493,2.04945,1.00,1.00
2008.06.24 19:24:13.090,2.04935,2.04945,1.30,1.00
2008.06.24 19:24:13.123,2.04935,2.04945,4.20,1.00
2008.06.24 19:24:13.391,2.04935,2.04945,2.80,1.00
2008.06.24 19:24:13.594,2.0493,2.04945,1.40,1.00
2008.06.24 19:24:13.800,2.04925,2.04945,2.80,1.00
2008.06.24 19:24:13.995,2.0491,2.04945,2.20,1.00
2008.06.24 19:24:23.645,2.0493,2.04945,2.20,1.00
2008.06.24 19:24:27.435,2.0493,2.04945,2.80,1.00
2008.06.24 19:24:27.515,2.0495,2.0497,2.20,2.80
2008.06.24 19:24:27.775,2.0495,2.0497,2.20,2.80
2008.06.24 19:24:27.857,2.0493,2.0497,2.20,2.80
2008.06.24 19:24:31.141,2.0493,2.04945,2.80,1.00
2008.06.24 19:24:31.206,2.0495,2.0497,2.20,2.80
2008.06.24 19:24:31.272,2.0495,2.0497,2.20,2.80
2008.06.24 19:24:31.448,2.04935,2.04945,4.40,1.00
2008.06.24 19:24:31.665,2.0495,2.0497,2.20,2.80
2008.06.24 19:24:31.692,2.0495,2.0497,2.20,1.00
2008.06.24 19:24:31.785,2.0495,2.0496,2.20,1.00
2008.06.24 19:24:31.887,2.0493,2.04945,2.80,1.00
2008.06.24 19:24:32.089,2.04915,2.04945,1.20,1.00
2008.06.24 19:24:34.249,2.0491,2.04945,2.80,1.00
2008.06.24 19:24:34.381,2.0491,2.04945,2.20,1.00
2008.06.24 19:24:34.452,2.0491,2.04945,2.20,1.00
2008.06.24 19:24:34.568,2.049,2.04945,2.80,1.00
2008.06.24 19:24:34.621,2.04895,2.04945,5.00,1.00
2008.06.24 19:24:34.873,2.04895,2.0494,5.00,1.00
2008.06.24 19:24:34.904,2.04895,2.0494,1.20,1.00
2008.06.24 19:24:35.384,2.04895,2.0494,1.20,2.80
2008.06.24 19:24:35.553,2.049,2.0494,1.20,2.80
2008.06.24 19:24:35.662,2.049,2.0494,1.20,2.80
2008.06.24 19:24:35.771,2.049,2.0494,1.80,2.80
2008.06.24 19:24:35.879,2.049,2.04945,1.80,3.30
2008.06.24 19:24:36.026,2.049,2.04945,1.80,3.30
2008.06.24 19:24:36.142,2.049,2.04945,1.20,1.00
2008.06.24 19:24:36.721,2.04895,2.04945,4.20,1.00
2008.06.24 19:24:36.822,2.04905,2.04945,1.30,1.00
2008.06.24 19:24:37.030,2.04905,2.04945,4.20,1.00
2008.06.24 19:24:38.510,2.04905,2.04945,2.80,1.00
2008.06.24 19:24:38.877,2.049,2.04945,5.50,1.00
2008.06.24 19:24:39.028,2.049,2.04945,4.20,1.00
2008.06.24 19:24:40.550,2.049,2.04945,2.80,1.00
2008.06.24 19:24:40.621,2.04895,2.04945,4.20,3.30
2008.06.24 19:24:41.900,2.04895,2.04945,4.20,3.30
2008.06.24 19:24:42.051,2.04895,2.04945,4.20,1.00
2008.06.24 19:24:43.320,2.04905,2.04945,1.30,1.00
2008.06.24 19:24:43.653,2.04905,2.04945,4.20,1.00
2008.06.24 19:24:45.118,2.04905,2.04945,2.80,1.00
2008.06.24 19:24:48.068,2.04895,2.04945,4.20,1.00
2008.06.24 19:24:48.822,2.04895,2.04945,2.80,1.00
2008.06.24 19:24:49.027,2.0489,2.04945,8.40,3.30
2008.06.24 19:24:55.212,2.0491,2.04945,4.20,1.00
2008.06.24 19:24:55.908,2.0491,2.04945,2.80,1.00
2008.06.24 19:24:56.086,2.049,2.04945,4.20,1.00
2008.06.24 19:24:57.086,2.04905,2.04945,4.20,1.00
2008.06.24 19:24:57.875,2.04915,2.04945,1.30,1.00
2008.06.24 19:24:58.051,2.0491,2.04945,1.30,1.00
2008.06.24 19:24:58.224,2.04915,2.04945,2.80,1.00
2008.06.24 19:24:58.476,2.0491,2.04945,4.20,1.00
2008.06.24 19:25:00.541,2.0491,2.04945,2.80,1.00
2008.06.24 19:25:00.903,2.04895,2.04945,4.20,1.00
2008.06.24 19:25:02.935,2.0491,2.04945,2.20,1.00
2008.06.24 19:25:04.382,2.0491,2.04945,3.60,1.00
2008.06.24 19:25:04.963,2.0492,2.04945,1.00,1.00
2008.06.24 19:25:07.132,2.0491,2.04945,3.60,1.00
2008.06.24 19:25:08.440,2.0492,2.04945,1.20,1.00
2008.06.24 19:25:09.906,2.0493,2.04945,1.20,1.00
2008.06.24 19:25:09.975,2.0493,2.04945,3.60,1.00
2008.06.24 19:25:10.446,2.0493,2.04945,2.20,1.00
2008.06.24 19:25:11.818,2.0493,2.04945,3.60,1.00
2008.06.24 19:25:13.002,2.0494,2.04945,2.20,1.00
2008.06.24 19:25:14.456,2.0492,2.04945,4.00,1.00
2008.06.24 19:25:14.635,2.0492,2.04945,3.60,1.00
2008.06.24 19:25:14.843,2.0492,2.04945,2.20,1.00
2008.06.24 19:25:17.827,2.0492,2.04945,3.60,1.00
2008.06.24 19:25:18.658,2.0492,2.04945,2.20,1.00
2008.06.24 19:25:18.893,2.0492,2.04945,3.60,1.00
2008.06.24 19:25:19.321,2.0493,2.04945,3.60,1.00
2008.06.24 19:25:22.193,2.0493,2.04945,2.20,1.00
2008.06.24 19:25:27.397,2.04915,2.04945,1.20,1.00
2008.06.24 19:25:27.462,2.0491,2.04945,7.20,1.00
2008.06.24 19:25:27.598,2.0491,2.04945,5.70,1.00
2008.06.24 19:25:27.644,2.0491,2.04945,5.10,1.00
2008.06.24 19:25:27.868,2.0491,2.04945,2.20,1.00
2008.06.24 19:25:31.671,2.04915,2.04945,1.20,1.00
2008.06.24 19:25:31.696,2.0493,2.04945,2.20,1.00
2008.06.24 19:25:36.727,2.0492,2.04945,2.20,1.00
2008.06.24 19:25:39.343,2.0491,2.04945,2.20,1.00
2008.06.24 19:25:39.880,2.0491,2.04945,2.20,3.30
2008.06.24 19:25:40.391,2.04895,2.04945,1.20,3.30
2008.06.24 19:25:40.433,2.0489,2.04945,7.20,3.30
2008.06.24 19:25:40.482,2.0489,2.04945,6.60,3.30
2008.06.24 19:25:40.694,2.0489,2.0494,5.10,1.00
2008.06.24 19:25:40.885,2.0489,2.0494,2.20,2.80
2008.06.24 19:25:42.840,2.0489,2.0493,2.20,2.80
2008.06.24 19:25:46.175,2.0489,2.0493,3.60,2.80
2008.06.24 19:25:47.362,2.0489,2.04925,3.60,1.00
2008.06.24 19:25:47.426,2.0489,2.04925,3.60,2.80
2008.06.24 19:25:50.703,2.0489,2.04925,2.20,2.80
2008.06.24 19:25:51.115,2.0489,2.04925,2.20,1.00
2008.06.24 19:25:51.642,2.0489,2.0492,2.20,1.00
2008.06.24 19:25:55.567,2.0489,2.0492,2.20,2.80
2008.06.24 19:25:55.785,2.0489,2.0492,2.20,1.00
2008.06.24 19:25:57.241,2.0489,2.0492,2.20,1.00
2008.06.24 19:25:57.531,2.0489,2.0492,2.20,2.80
2008.06.24 19:26:02.737,2.0489,2.0492,2.20,2.80
2008.06.24 19:26:02.865,2.0489,2.0492,2.20,1.00
2008.06.24 19:26:07.798,2.0489,2.0492,2.20,2.80
2008.06.24 19:26:07.908,2.0489,2.0492,2.20,2.80
2008.06.24 19:26:10.367,2.0489,2.0491,2.20,1.00
2008.06.24 19:26:17.923,2.0489,2.04905,2.20,1.00
2008.06.24 19:26:17.970,2.0487,2.049,2.20,1.00
2008.06.24 19:26:18.449,2.0486,2.04905,3.60,2.80
2008.06.24 19:26:18.834,2.04865,2.0491,2.80,1.00
2008.06.24 19:26:19.115,2.0487,2.0491,2.20,1.00
2008.06.24 19:26:19.365,2.0487,2.0491,3.60,1.00
2008.06.24 19:26:19.618,2.0487,2.04915,3.60,1.00
2008.06.24 19:26:20.015,2.0487,2.04915,3.60,1.00
2008.06.24 19:26:20.093,2.0487,2.04915,3.60,3.30
2008.06.24 19:26:21.250,2.0487,2.04915,2.20,3.30
2008.06.24 19:26:21.601,2.0487,2.04915,2.20,1.00
2008.06.24 19:26:21.888,2.0487,2.04915,3.70,1.00
2008.06.24 19:26:22.213,2.0487,2.04915,6.60,1.00
2008.06.24 19:26:22.300,2.0487,2.04915,5.10,1.00
2008.06.24 19:26:22.385,2.0488,2.04915,2.20,1.00
2008.06.24 19:26:22.627,2.0488,2.04915,2.20,1.00
2008.06.24 19:26:22.847,2.0488,2.04905,2.20,2.80
2008.06.24 19:26:23.452,2.0486,2.0489,4.20,1.00
2008.06.24 19:26:23.667,2.0486,2.04895,5.10,1.00
2008.06.24 19:26:23.884,2.0486,2.04895,2.20,2.80
2008.06.24 19:26:25.525,2.0486,2.04895,2.20,2.80
2008.06.24 19:26:25.588,2.0486,2.049,2.20,2.80
2008.06.24 19:26:25.954,2.0486,2.0489,2.20,2.80
2008.06.24 19:26:26.085,2.0486,2.049,2.20,2.80
2008.06.24 19:26:26.318,2.0486,2.049,2.20,2.80
2008.06.24 19:26:26.501,2.0486,2.0491,2.20,2.80
2008.06.24 19:26:26.836,2.0486,2.04905,2.20,1.00
2008.06.24 19:26:27.057,2.0486,2.04905,2.20,2.80
2008.06.24 19:26:29.572,2.0486,2.04905,2.20,2.80
2008.06.24 19:26:29.891,2.0486,2.0491,2.20,2.80
2008.06.24 19:26:30.431,2.0486,2.049,2.20,1.00
2008.06.24 19:26:31.424,2.0486,2.049,2.20,2.80
2008.06.24 19:26:31.556,2.0486,2.049,2.20,1.00
2008.06.24 19:26:33.521,2.04855,2.0489,1.30,1.00
2008.06.24 19:26:33.961,2.04845,2.0489,2.80,1.00
2008.06.24 19:26:35.126,2.0484,2.0489,6.60,1.00
2008.06.24 19:26:37.307,2.04845,2.0489,2.80,1.00
2008.06.24 19:26:38.798,2.04845,2.0489,4.20,1.00
2008.06.24 19:26:38.838,2.04845,2.0489,1.30,1.00
2008.06.24 19:26:39.020,2.04845,2.0489,4.20,1.00
2008.06.24 19:26:42.779,2.04845,2.0489,2.80,1.00
2008.06.24 19:26:42.968,2.0484,2.0489,6.60,1.00
2008.06.24 19:26:44.253,2.0484,2.0489,5.10,1.00
2008.06.24 19:26:44.457,2.0484,2.0489,2.20,2.80
2008.06.24 19:26:46.824,2.0484,2.0489,3.70,3.70
2008.06.24 19:26:47.110,2.0484,2.0489,6.60,1.00
2008.06.24 19:26:50.225,2.0484,2.0489,5.10,1.00
2008.06.24 19:26:50.585,2.0484,2.0489,2.20,3.80
2008.06.24 19:26:52.099,2.0484,2.0489,2.20,2.80
2008.06.24 19:26:52.436,2.0487,2.0489,2.20,2.80
2008.06.24 19:26:52.813,2.0487,2.0489,3.70,2.80
2008.06.24 19:26:53.197,2.0487,2.04895,5.10,1.00
2008.06.24 19:26:53.437,2.0487,2.04895,3.70,1.00
2008.06.24 19:26:53.649,2.0487,2.04895,6.60,1.00
2008.06.24 19:26:53.860,2.0487,2.04895,5.10,1.00
2008.06.24 19:26:54.078,2.0487,2.04895,2.80,1.00
2008.06.24 19:26:54.156,2.0486,2.04895,4.20,1.00
2008.06.24 19:26:54.319,2.0486,2.04895,2.80,1.00
2008.06.24 19:26:54.567,2.0485,2.04895,5.50,1.00
2008.06.24 19:26:54.920,2.0485,2.04895,4.00,1.00
2008.06.24 19:26:55.203,2.0485,2.04895,1.20,1.00
2008.06.24 19:26:56.187,2.0485,2.0489,1.20,1.00
2008.06.24 19:26:56.342,2.0485,2.0489,1.20,2.80
2008.06.24 19:26:56.448,2.0485,2.0489,1.20,2.80
2008.06.24 19:26:56.840,2.0485,2.04895,1.20,3.30
2008.06.24 19:26:57.129,2.0485,2.0489,1.20,1.00
2008.06.24 19:26:57.398,2.0485,2.0489,1.20,2.80
2008.06.24 19:26:57.609,2.0485,2.0488,1.20,1.00
2008.06.24 19:26:57.715,2.0484,2.0488,2.80,1.00
2008.06.24 19:26:57.831,2.0483,2.0488,4.00,2.80
2008.06.24 19:26:58.046,2.0483,2.0488,5.50,2.80
2008.06.24 19:26:58.156,2.0483,2.04885,5.50,2.80
2008.06.24 19:26:59.668,2.0484,2.04885,1.30,2.80
2008.06.24 19:26:59.922,2.0484,2.0489,4.20,1.00
2008.06.24 19:27:00.245,2.0484,2.0489,7.80,1.00
2008.06.24 19:27:00.320,2.04845,2.0489,1.30,1.00
2008.06.24 19:27:00.402,2.04845,2.0489,4.20,1.00
2008.06.24 19:27:00.642,2.04845,2.0489,2.80,1.00
2008.06.24 19:27:00.864,2.04845,2.0489,4.20,1.00
2008.06.24 19:27:02.047,2.04845,2.0489,2.80,1.00
2008.06.24 19:27:02.339,2.0484,2.0489,4.20,1.00
2008.06.24 19:27:02.965,2.0485,2.0489,1.00,1.00
2008.06.24 19:27:03.091,2.0485,2.0489,2.40,1.00
2008.06.24 19:27:03.148,2.0487,2.04895,3.60,3.30
2008.06.24 19:27:03.336,2.0487,2.04895,4.90,3.30
2008.06.24 19:27:03.669,2.0487,2.04895,7.80,1.00
2008.06.24 19:27:03.724,2.04875,2.04895,1.30,1.00
2008.06.24 19:27:03.913,2.04875,2.04895,4.20,1.00
2008.06.24 19:27:04.088,2.04875,2.04895,1.30,1.00
2008.06.24 19:27:04.601,2.04875,2.04895,4.20,1.00
2008.06.24 19:27:05.122,2.04875,2.04895,2.80,1.00
2008.06.24 19:27:05.242,2.0485,2.04895,5.50,1.00
2008.06.24 19:27:05.376,2.0485,2.04895,4.00,1.00
2008.06.24 19:27:05.561,2.0485,2.04895,1.20,1.00
2008.06.24 19:27:06.538,2.04845,2.04895,5.50,1.00
2008.06.24 19:27:07.030,2.04845,2.04895,4.00,1.00
2008.06.24 19:27:07.195,2.04855,2.04895,1.30,1.00
2008.06.24 19:27:07.802,2.04855,2.04895,4.20,1.00
2008.06.24 19:27:08.011,2.0486,2.04895,2.80,1.00
2008.06.24 19:27:08.221,2.0485,2.04895,4.20,1.00
2008.06.24 19:27:08.474,2.0485,2.04895,2.80,1.00
2008.06.24 19:27:08.722,2.0485,2.04895,1.30,1.00
2008.06.24 19:27:08.974,2.0485,2.04895,2.80,1.00
2008.06.24 19:27:09.223,2.04845,2.04895,5.50,1.00
2008.06.24 19:27:09.733,2.0485,2.04895,1.30,1.00
2008.06.24 19:27:10.048,2.04845,2.04895,5.50,1.00
2008.06.24 19:27:10.223,2.0486,2.04895,2.20,1.00
2008.06.24 19:27:10.502,2.0486,2.04895,2.20,3.30
2008.06.24 19:27:10.692,2.0486,2.04895,2.20,1.00
2008.06.24 19:27:15.312,2.0486,2.04895,3.60,1.00
2008.06.24 19:27:15.522,2.0487,2.04895,2.20,1.00
2008.06.24 19:27:18.149,2.0487,2.04895,2.80,1.00
2008.06.24 19:27:18.294,2.0488,2.04895,1.20,1.00
2008.06.24 19:27:18.464,2.0489,2.04895,2.20,1.00
2008.06.24 19:27:20.183,2.0488,2.04895,3.60,1.00
2008.06.24 19:27:20.268,2.0488,2.04895,2.20,1.00
2008.06.24 19:27:26.905,2.0488,2.04895,2.20,1.00
2008.06.24 19:27:27.209,2.0488,2.04895,2.20,3.30
2008.06.24 19:27:27.461,2.0488,2.04895,2.20,3.30
2008.06.24 19:27:27.686,2.0488,2.04895,2.20,3.30
2008.06.24 19:27:28.367,2.0488,2.0489,2.20,1.00
2008.06.24 19:27:28.549,2.0488,2.0489,2.20,2.80
2008.06.24 19:27:29.552,2.0488,2.0489,2.20,2.80
2008.06.24 19:27:29.807,2.0488,2.04895,2.20,3.30
2008.06.24 19:27:30.549,2.0486,2.0489,2.20,1.00
2008.06.24 19:27:30.631,2.0486,2.0489,2.20,1.00
2008.06.24 19:27:30.707,2.0486,2.0489,2.20,2.80
2008.06.24 19:27:30.886,2.0486,2.04885,2.20,1.00
2008.06.24 19:27:31.175,2.0485,2.04885,2.20,1.00
2008.06.24 19:27:31.368,2.0485,2.0488,2.20,2.80
2008.06.24 19:27:31.765,2.0485,2.0488,2.20,2.80
2008.06.24 19:27:33.272,2.0485,2.0488,3.60,2.80
2008.06.24 19:27:33.355,2.0485,2.0488,3.60,2.80
2008.06.24 19:27:33.700,2.0485,2.04885,3.60,2.80
2008.06.24 19:27:34.419,2.04855,2.04885,1.20,2.80
2008.06.24 19:27:35.029,2.04855,2.0488,1.20,1.00
2008.06.24 19:27:35.070,2.04855,2.0488,1.20,2.80
2008.06.24 19:27:35.129,2.0485,2.0488,2.20,2.80
2008.06.24 19:27:36.086,2.0485,2.0488,2.20,2.80
2008.06.24 19:27:36.346,2.0485,2.04885,2.20,2.80
2008.06.24 19:27:37.464,2.04845,2.04885,1.20,2.80
2008.06.24 19:27:37.501,2.04835,2.04885,1.20,2.80
2008.06.24 19:27:37.781,2.04835,2.0488,1.20,1.00
2008.06.24 19:27:37.873,2.04835,2.04875,1.20,2.80
2008.06.24 19:27:38.185,2.04835,2.0488,1.20,2.80
2008.06.24 19:27:38.405,2.04835,2.0488,1.20,1.00
2008.06.24 19:27:38.626,2.0484,2.04885,1.20,2.80
2008.06.24 19:27:39.056,2.0484,2.04885,3.60,1.00
2008.06.24 19:27:39.277,2.0484,2.0489,4.90,2.80
2008.06.24 19:27:39.455,2.0484,2.04895,7.80,3.30
2008.06.24 19:27:42.130,2.0486,2.04895,1.20,3.30
2008.06.24 19:27:42.355,2.0486,2.04895,3.60,1.00
2008.06.24 19:27:42.673,2.0487,2.04895,3.60,1.00
2008.06.24 19:27:43.515,2.0488,2.04895,1.20,1.00
2008.06.24 19:27:46.652,2.0489,2.04895,2.20,1.00
2008.06.24 19:27:46.912,2.0489,2.04895,3.60,1.00
2008.06.24 19:27:49.355,2.04895,2.04925,1.20,3.00
2008.06.24 19:27:51.345,2.04885,2.04895,1.20,1.00
2008.06.24 19:27:51.945,2.04875,2.04895,1.20,1.00
2008.06.24 19:27:53.544,2.04885,2.04895,1.20,1.00
2008.06.24 19:27:56.401,2.0489,2.04895,1.20,1.00
2008.06.24 19:27:59.072,2.04885,2.04895,4.20,1.00
2008.06.24 19:27:59.211,2.04885,2.04895,2.80,1.00
2008.06.24 19:27:59.486,2.0488,2.04895,4.00,1.00
2008.06.24 19:27:59.837,2.0488,2.04895,1.20,1.00
2008.06.24 19:28:01.266,2.0488,2.0493,1.20,2.80
2008.06.24 19:28:01.462,2.0494,2.0495,2.20,5.60
2008.06.24 19:28:01.652,2.0492,2.04945,1.00,2.80
2008.06.24 19:28:01.886,2.0492,2.0495,1.00,1.00
2008.06.24 19:28:02.354,2.0492,2.0495,1.00,3.70
2008.06.24 19:28:02.763,2.0492,2.04945,1.00,1.00
2008.06.24 19:28:02.924,2.0492,2.04945,1.00,2.80
2008.06.24 19:28:03.265,2.0492,2.04945,1.00,2.80
2008.06.24 19:28:03.431,2.0492,2.0495,1.00,2.80
2008.06.24 19:28:03.608,2.0492,2.0495,1.00,2.80
2008.06.24 19:28:04.008,2.0492,2.04955,1.00,3.30
2008.06.24 19:28:06.426,2.0492,2.0495,1.00,1.00
2008.06.24 19:28:06.965,2.0492,2.0495,1.00,2.80
2008.06.24 19:28:07.052,2.0492,2.0495,1.00,2.80
2008.06.24 19:28:07.141,2.0492,2.0494,1.00,1.00
2008.06.24 19:28:07.306,2.0492,2.0495,1.00,1.00
2008.06.24 19:28:07.430,2.0492,2.0495,1.00,1.00
2008.06.24 19:28:08.447,2.0492,2.0494,1.00,1.00
2008.06.24 19:28:09.099,2.0492,2.04935,1.00,1.00
2008.06.24 19:28:09.297,2.0492,2.0493,1.00,1.00
2008.06.24 19:28:09.480,2.0492,2.0493,1.00,4.10
2008.06.24 19:28:09.663,2.0492,2.0493,1.00,3.50
2008.06.24 19:28:10.017,2.04865,2.04915,3.10,1.00
2008.06.24 19:28:10.196,2.0486,2.04915,5.30,2.80
2008.06.24 19:28:10.549,2.0492,2.04925,1.00,4.00
2008.06.24 19:28:10.659,2.0492,2.04925,1.00,1.30
2008.06.24 19:28:10.767,2.0492,2.04925,1.00,1.30
2008.06.24 19:28:10.877,2.0488,2.04915,1.80,2.80
2008.06.24 19:28:11.379,2.0486,2.04915,5.30,2.80
2008.06.24 19:28:11.469,2.0487,2.04915,1.80,2.80
2008.06.24 19:28:11.922,2.0492,2.04925,1.00,3.60
2008.06.24 19:28:12.084,2.0492,2.04925,1.00,3.30
2008.06.24 19:28:12.366,2.0492,2.04925,1.00,3.30
2008.06.24 19:28:12.647,2.0492,2.04925,1.00,1.00
2008.06.24 19:28:17.976,2.0492,2.04925,2.80,1.00
2008.06.24 19:28:19.757,2.0492,2.04925,1.00,1.00
2008.06.24 19:28:22.829,2.0488,2.0491,2.20,1.00
2008.06.24 19:28:23.225,2.0492,2.04925,1.00,3.30
2008.06.24 19:28:23.285,2.0492,2.04925,1.00,3.30
2008.06.24 19:28:23.437,2.0492,2.04925,1.00,1.00
2008.06.24 19:28:31.044,2.0492,2.04925,2.80,1.00
2008.06.24 19:28:37.642,2.0492,2.04925,1.00,1.00
2008.06.24 19:28:39.270,2.0492,2.04925,1.00,1.00
2008.06.24 19:28:40.151,2.0492,2.04925,1.00,1.00
2008.06.24 19:28:41.450,2.0492,2.04925,1.00,1.00
2008.06.24 19:28:43.534,2.04875,2.04915,4.10,1.00
2008.06.24 19:28:43.860,2.04875,2.04915,1.70,2.80
2008.06.24 19:28:44.201,2.0487,2.04915,3.80,2.80
2008.06.24 19:28:44.540,2.0492,2.04925,1.00,3.30
2008.06.24 19:28:45.054,2.0492,2.04925,1.00,3.30
2008.06.24 19:28:45.205,2.0491,2.0492,2.60,2.80
2008.06.24 19:28:45.397,2.0492,2.04925,1.00,1.00
2008.06.24 19:28:46.355,2.0492,2.04925,2.80,1.00
2008.06.24 19:28:50.492,2.0492,2.04925,2.20,1.00
2008.06.24 19:28:54.446,2.049,2.04925,6.10,1.00
2008.06.24 19:28:54.576,2.049,2.04925,2.80,1.00
2008.06.24 19:28:54.926,2.04895,2.04925,2.80,1.00
2008.06.24 19:28:55.147,2.0488,2.04925,3.70,1.00
2008.06.24 19:28:55.307,2.0488,2.04925,6.60,1.00
2008.06.24 19:28:56.837,2.04885,2.04925,2.80,1.00
2008.06.24 19:28:56.975,2.04885,2.04925,4.20,1.00
2008.06.24 19:28:58.605,2.04885,2.04925,2.80,1.00
2008.06.24 19:28:58.833,2.0488,2.04925,6.60,1.00
2008.06.24 19:29:00.145,2.04885,2.04925,1.30,1.00
2008.06.24 19:29:00.335,2.04885,2.04925,4.20,1.00
2008.06.24 19:29:03.219,2.0489,2.04925,1.30,1.00
2008.06.24 19:29:03.430,2.0489,2.04925,4.20,1.00
2008.06.24 19:29:08.214,2.0489,2.04925,2.80,1.00
2008.06.24 19:29:08.473,2.04885,2.04925,4.20,1.00
2008.06.24 19:29:11.542,2.0489,2.04925,2.20,1.00
2008.06.24 19:29:12.918,2.0489,2.04925,2.80,1.00
2008.06.24 19:29:13.171,2.0489,2.04925,4.00,1.00
2008.06.24 19:29:17.706,2.0489,2.04925,3.60,1.00
2008.06.24 19:29:31.161,2.0489,2.04925,2.20,1.00
2008.06.24 19:29:35.723,2.0489,2.04925,3.60,1.00
2008.06.24 19:29:42.028,2.0489,2.0492,3.60,1.00
2008.06.24 19:29:42.148,2.0489,2.0492,3.60,2.80
2008.06.24 19:29:42.211,2.0489,2.0492,2.20,2.80
2008.06.24 19:29:42.309,2.0489,2.0491,2.20,1.00
2008.06.24 19:29:42.637,2.0487,2.0491,1.00,1.00
2008.06.24 19:29:42.695,2.04865,2.0491,2.80,1.00
2008.06.24 19:29:42.759,2.04865,2.04905,2.80,1.00
2008.06.24 19:29:42.898,2.0486,2.04905,2.20,2.80
2008.06.24 19:29:43.523,2.0486,2.04905,2.80,2.80
2008.06.24 19:29:54.720,2.0487,2.04905,2.20,2.80
2008.06.24 19:29:54.835,2.0487,2.04905,2.20,2.80
2008.06.24 19:29:54.980,2.04885,2.0491,1.20,3.70
2008.06.24 19:29:55.084,2.04905,2.0491,3.40,2.80
2008.06.24 19:29:55.421,2.0491,2.04915,2.20,1.00
2008.06.24 19:29:56.463,2.04895,2.04915,1.20,1.00
2008.06.24 19:29:56.754,2.0489,2.04915,5.10,1.00
2008.06.24 19:29:56.912,2.0489,2.04915,2.20,1.00
2008.06.24 19:29:57.243,2.04875,2.04915,4.00,1.00
2008.06.24 19:29:57.310,2.04875,2.04915,1.20,1.00
2008.06.24 19:29:58.171,2.0487,2.04915,4.00,1.00
2008.06.24 19:29:58.233,2.0487,2.04915,4.00,1.00
2008.06.24 19:29:58.290,2.0487,2.04915,4.00,3.30
2008.06.24 19:29:58.450,2.0487,2.04915,3.60,3.30
2008.06.24 19:30:05.950,2.0487,2.0491,3.60,1.00
2008.06.24 19:30:06.040,2.0487,2.0491,3.60,2.80
2008.06.24 19:30:06.268,2.0487,2.0491,2.20,2.80
2008.06.24 19:30:06.758,2.0487,2.0491,3.60,2.80
2008.06.24 19:30:06.897,2.0487,2.0491,2.20,2.80
2008.06.24 19:30:07.448,2.0487,2.0491,3.60,2.80
2008.06.24 19:30:07.738,2.0487,2.0491,2.20,2.80
2008.06.24 19:30:08.880,2.0487,2.0491,3.60,2.80
2008.06.24 19:30:08.929,2.0488,2.0491,2.20,2.80
2008.06.24 19:30:09.028,2.0488,2.0491,2.20,2.80
2008.06.24 19:30:09.096,2.0488,2.04915,2.20,1.00
2008.06.24 19:30:10.248,2.0488,2.04915,3.60,1.00
2008.06.24 19:30:12.737,2.0488,2.04915,4.00,1.00
2008.06.24 19:30:13.181,2.0488,2.0491,4.00,1.00
2008.06.24 19:30:13.208,2.0488,2.0491,3.60,1.00
2008.06.24 19:30:13.245,2.0488,2.0491,2.20,1.00
2008.06.24 19:30:13.312,2.0489,2.04915,2.20,1.00
2008.06.24 19:30:14.717,2.0489,2.049,2.20,1.00
2008.06.24 19:30:15.027,2.04875,2.049,2.80,1.00
2008.06.24 19:30:15.080,2.0487,2.049,2.20,1.00
2008.06.24 19:30:17.132,2.0487,2.049,2.20,1.00
2008.06.24 19:30:17.380,2.0487,2.0489,2.20,1.00
2008.06.24 19:30:19.546,2.0487,2.0489,2.20,1.00
2008.06.24 19:30:19.736,2.0487,2.0489,2.20,1.00
2008.06.24 19:30:23.453,2.0487,2.04895,2.20,1.00
2008.06.24 19:30:24.206,2.0487,2.04895,3.60,1.00
2008.06.24 19:30:29.518,2.0487,2.04895,2.20,1.00
2008.06.24 19:30:38.261,2.0487,2.04895,3.70,1.00
2008.06.24 19:30:39.541,2.0487,2.04895,2.20,1.00
2008.06.24 19:30:43.455,2.0489,2.04895,2.20,1.00
2008.06.24 19:30:45.841,2.049,2.0493,2.20,1.00
2008.06.24 19:30:45.942,2.049,2.0494,2.20,3.80
2008.06.24 19:30:51.225,2.0489,2.04895,4.00,1.00
2008.06.24 19:30:53.028,2.0488,2.04895,4.20,1.00
2008.06.24 19:30:53.410,2.0488,2.04895,1.30,1.00
2008.06.24 19:30:53.529,2.04875,2.04895,4.20,1.00
2008.06.24 19:30:53.648,2.04875,2.04895,2.80,1.00
2008.06.24 19:30:53.881,2.0487,2.04895,4.20,1.00
2008.06.24 19:30:54.275,2.0487,2.04895,2.80,1.00
2008.06.24 19:30:54.390,2.0486,2.04895,4.00,1.00
2008.06.24 19:30:54.617,2.0486,2.04895,1.20,1.00
2008.06.24 19:30:54.846,2.0486,2.04895,2.60,1.00
2008.06.24 19:30:55.075,2.0486,2.04895,5.50,1.00
2008.06.24 19:31:00.898,2.04875,2.04895,1.30,1.00
2008.06.24 19:31:01.082,2.04875,2.04895,4.20,1.00
2008.06.24 19:31:04.976,2.0488,2.04895,2.20,1.00
2008.06.24 19:31:14.489,2.0491,2.04915,2.20,2.80
2008.06.24 19:31:14.697,2.0491,2.0494,2.20,1.00
2008.06.24 19:31:18.120,2.04895,2.0494,4.20,1.00
2008.06.24 19:31:18.184,2.0489,2.04895,8.40,1.00
2008.06.24 19:31:18.610,2.0489,2.04895,5.80,1.00
2008.06.24 19:31:18.903,2.04885,2.04895,1.30,1.00
2008.06.24 19:31:19.204,2.0488,2.04895,2.80,1.00
2008.06.24 19:31:19.503,2.0487,2.04895,9.30,1.00
2008.06.24 19:31:19.800,2.0487,2.04895,8.40,1.00
2008.06.24 19:31:20.361,2.04875,2.04895,1.20,1.00
2008.06.24 19:31:20.441,2.04875,2.04895,2.60,1.00
2008.06.24 19:31:20.519,2.0488,2.04895,1.00,1.00
2008.06.24 19:31:21.194,2.04875,2.04895,5.50,1.00
2008.06.24 19:31:26.630,2.0488,2.04895,1.30,1.00
2008.06.24 19:31:26.802,2.0488,2.04895,4.20,1.00
2008.06.24 19:31:33.505,2.0488,2.04895,6.60,1.00
2008.06.24 19:31:43.244,2.0488,2.04895,5.10,1.00
2008.06.24 19:31:43.360,2.0488,2.04895,2.20,1.00
2008.06.24 19:31:43.534,2.0488,2.04895,3.70,1.00
2008.06.24 19:31:43.782,2.0488,2.04895,6.60,1.00
2008.06.24 19:31:47.387,2.0488,2.0493,6.60,2.80
2008.06.24 19:31:47.420,2.0492,2.0493,2.20,2.80
2008.06.24 19:31:47.876,2.0492,2.0494,2.20,1.00
2008.06.24 19:31:49.433,2.04905,2.0494,4.20,1.00
2008.06.24 19:31:49.568,2.04905,2.0494,2.80,1.00
2008.06.24 19:31:49.767,2.049,2.0494,2.20,1.00
2008.06.24 19:31:49.907,2.04885,2.0494,2.60,1.00
2008.06.24 19:31:50.067,2.04885,2.0494,5.50,3.70
2008.06.24 19:31:50.606,2.04885,2.04935,2.60,2.80
2008.06.24 19:31:50.683,2.04885,2.04935,1.20,2.80
2008.06.24 19:32:06.017,2.04885,2.0493,1.20,1.00
2008.06.24 19:32:09.805,2.0488,2.0493,7.20,1.00
2008.06.24 19:32:10.117,2.0488,2.0493,6.60,1.00
2008.06.24 19:32:10.510,2.04885,2.0493,1.20,1.00
2008.06.24 19:32:10.688,2.0489,2.04935,2.20,3.30
2008.06.24 19:32:18.755,2.0489,2.04935,2.20,3.30
2008.06.24 19:32:18.881,2.0489,2.04935,2.20,1.00
2008.06.24 19:32:23.007,2.0489,2.04935,2.20,1.00
2008.06.24 19:32:23.312,2.0489,2.04935,2.20,3.30
2008.06.24 19:32:24.715,2.0489,2.04935,2.20,3.30
2008.06.24 19:32:24.824,2.0489,2.04935,2.20,1.00
2008.06.24 19:32:43.122,2.0489,2.04935,2.20,1.00
2008.06.24 19:32:43.231,2.0489,2.04935,2.20,3.30
2008.06.24 19:32:43.775,2.0489,2.04935,2.20,3.30
2008.06.24 19:32:43.845,2.0489,2.04935,2.20,3.30
2008.06.24 19:32:44.403,2.0489,2.04935,2.20,3.30
2008.06.24 19:32:44.649,2.0489,2.04935,2.20,1.00
2008.06.24 19:32:45.342,2.0489,2.04935,2.20,3.30
2008.06.24 19:32:48.570,2.0489,2.04935,2.20,1.00
2008.06.24 19:32:48.754,2.0489,2.04935,2.20,1.00
2008.06.24 19:32:49.308,2.0489,2.04935,2.20,3.30
2008.06.24 19:32:52.597,2.0489,2.0493,2.20,1.00
2008.06.24 19:32:52.869,2.0489,2.0493,2.20,2.80
2008.06.24 19:32:53.594,2.0489,2.0492,2.20,1.00
2008.06.24 19:32:53.856,2.0489,2.0492,2.20,2.80
2008.06.24 19:32:54.827,2.0489,2.0492,2.20,1.00
2008.06.24 19:32:55.452,2.0489,2.04925,2.20,2.80
2008.06.24 19:32:55.976,2.0489,2.0492,2.20,1.00
2008.06.24 19:32:56.898,2.049,2.04925,1.30,2.80
2008.06.24 19:32:57.196,2.049,2.0493,4.20,1.00
2008.06.24 19:32:57.898,2.049,2.0493,2.80,1.00
2008.06.24 19:32:58.011,2.049,2.0493,2.80,1.00
2008.06.24 19:32:58.138,2.0489,2.0493,2.20,2.80
2008.06.24 19:32:58.271,2.0489,2.0493,3.60,2.80
2008.06.24 19:33:00.285,2.0489,2.0493,2.20,2.80
2008.06.24 19:33:04.082,2.0488,2.0493,2.20,2.80
2008.06.24 19:33:04.129,2.0488,2.0492,2.20,1.00
2008.06.24 19:33:18.719,2.0488,2.0492,3.70,1.00
2008.06.24 19:33:18.767,2.0489,2.0492,2.20,1.00
2008.06.24 19:33:24.772,2.0489,2.0492,2.20,1.00
2008.06.24 19:33:30.693,2.0489,2.04925,2.20,1.00
2008.06.24 19:33:38.441,2.0488,2.04925,6.60,1.00
2008.06.24 19:33:38.602,2.0488,2.0492,5.10,1.00
2008.06.24 19:33:38.825,2.0488,2.0492,2.20,1.00
2008.06.24 19:33:42.144,2.049,2.0492,1.00,1.00
2008.06.24 19:33:42.168,2.0492,2.04925,2.20,3.60
2008.06.24 19:33:42.478,2.0492,2.04925,2.20,3.30
2008.06.24 19:33:42.556,2.0492,2.04925,2.20,3.30
2008.06.24 19:33:42.580,2.0492,2.04925,2.20,1.00
2008.06.24 19:33:44.452,2.0492,2.0495,2.20,2.80
2008.06.24 19:33:44.601,2.0495,2.0496,2.20,3.50
2008.06.24 19:33:44.997,2.0495,2.0496,2.20,1.00
2008.06.24 19:33:45.163,2.0495,2.04965,2.20,1.00
2008.06.24 19:33:46.390,2.0494,2.04965,1.90,1.00
2008.06.24 19:33:46.639,2.0494,2.04965,4.80,1.00
2008.06.24 19:33:46.844,2.0494,2.0496,1.90,2.80
2008.06.24 19:33:47.149,2.0494,2.0496,1.00,2.80
2008.06.24 19:33:47.458,2.0494,2.0495,1.00,1.00
2008.06.24 19:33:47.647,2.0494,2.0495,1.00,2.80
2008.06.24 19:33:49.028,2.0494,2.0495,1.00,2.80
2008.06.24 19:33:49.207,2.0494,2.04955,1.00,2.80
2008.06.24 19:33:49.562,2.0494,2.0496,1.00,2.80
2008.06.24 19:33:49.766,2.0494,2.0495,1.00,1.00
2008.06.24 19:33:49.984,2.0494,2.0495,1.00,2.80
2008.06.24 19:33:50.194,2.0494,2.04945,1.00,1.00
2008.06.24 19:33:50.406,2.0494,2.04945,1.00,2.80
2008.06.24 19:33:51.036,2.0494,2.04945,1.00,1.00
2008.06.24 19:33:51.472,2.0494,2.0495,1.00,2.80
2008.06.24 19:33:51.735,2.0494,2.0495,1.00,2.80
2008.06.24 19:33:52.006,2.0494,2.0496,1.00,2.80
2008.06.24 19:33:52.218,2.0494,2.0496,2.80,2.80
2008.06.24 19:33:52.641,2.0494,2.0496,1.00,2.80
2008.06.24 19:33:52.836,2.0494,2.0496,2.80,2.80
2008.06.24 19:33:53.043,2.0494,2.0496,1.00,2.80
2008.06.24 19:33:53.236,2.0494,2.0496,2.80,1.00
2008.06.24 19:33:53.436,2.0494,2.0496,2.80,2.80
2008.06.24 19:33:53.636,2.0494,2.0496,1.00,2.80
2008.06.24 19:33:53.697,2.0494,2.04955,2.80,1.00
2008.06.24 19:33:53.849,2.0494,2.04955,2.80,2.80
2008.06.24 19:33:53.975,2.0494,2.04955,1.00,2.80
2008.06.24 19:33:54.104,2.0494,2.04955,1.00,2.80
2008.06.24 19:33:54.243,2.0494,2.04955,2.80,2.80
2008.06.24 19:33:54.376,2.0494,2.04955,2.80,2.80
2008.06.24 19:33:54.505,2.0494,2.04955,1.00,2.80
2008.06.24 19:33:54.725,2.0494,2.0496,2.80,1.00
2008.06.24 19:33:54.947,2.0494,2.0496,1.00,2.80
2008.06.24 19:33:55.167,2.0494,2.0496,1.00,1.00
2008.06.24 19:33:55.407,2.0494,2.0496,2.80,1.00
2008.06.24 19:33:55.505,2.0494,2.0496,1.00,2.80
2008.06.24 19:33:55.882,2.0494,2.0496,1.00,1.00
2008.06.24 19:33:56.076,2.0494,2.0496,1.00,2.80
2008.06.24 19:33:57.562,2.0494,2.0496,2.80,2.80
2008.06.24 19:33:57.701,2.0494,2.0496,2.80,2.80
2008.06.24 19:33:57.768,2.0494,2.0496,1.00,2.80
2008.06.24 19:33:57.835,2.0494,2.0496,1.00,1.00
2008.06.24 19:33:58.014,2.0494,2.0496,2.80,1.00
2008.06.24 19:33:58.082,2.0494,2.0496,2.80,2.80
2008.06.24 19:33:58.142,2.0494,2.0496,2.80,2.80
2008.06.24 19:33:58.210,2.0494,2.0496,1.00,2.80
2008.06.24 19:33:58.392,2.0494,2.04965,1.00,1.00
2008.06.24 19:33:58.455,2.0494,2.04965,2.80,1.00
2008.06.24 19:33:59.273,2.0494,2.0496,1.00,1.00
2008.06.24 19:33:59.414,2.0494,2.0496,1.00,2.80
2008.06.24 19:33:59.553,2.0494,2.0496,1.00,2.80
2008.06.24 19:34:00.311,2.0494,2.0496,1.00,2.80
2008.06.24 19:34:06.178,2.0494,2.0496,1.00,3.70
2008.06.24 19:34:10.569,2.0494,2.0496,1.00,2.80
2008.06.24 19:34:10.855,2.0494,2.0496,2.80,2.80
2008.06.24 19:34:10.950,2.0494,2.0496,1.00,2.80
2008.06.24 19:34:10.993,2.0494,2.0496,1.00,2.80
2008.06.24 19:34:11.079,2.0494,2.0496,1.00,1.00
2008.06.24 19:34:11.144,2.0494,2.0496,2.80,1.00
2008.06.24 19:34:11.301,2.0494,2.04965,2.80,1.00
2008.06.24 19:34:11.365,2.0494,2.04965,1.00,1.00
2008.06.24 19:34:11.401,2.0494,2.0496,1.00,2.80
2008.06.24 19:34:11.586,2.0494,2.0496,1.00,2.80
2008.06.24 19:34:11.620,2.0494,2.0496,1.00,1.00
2008.06.24 19:34:11.890,2.0494,2.0496,2.80,1.00
2008.06.24 19:34:11.947,2.0494,2.0496,2.80,2.80
2008.06.24 19:34:12.136,2.0494,2.0496,1.00,2.80
2008.06.24 19:34:12.325,2.0494,2.0496,2.80,2.80
2008.06.24 19:34:12.512,2.0494,2.0496,1.00,1.00
2008.06.24 19:34:12.701,2.0497,2.0498,2.20,1.00
2008.06.24 19:34:12.896,2.0497,2.0499,2.20,1.00
2008.06.24 19:34:13.378,2.0497,2.05,2.20,3.70
2008.06.24 19:34:13.514,2.0496,2.04965,2.20,1.00
2008.06.24 19:34:13.658,2.0494,2.04965,5.10,1.00
2008.06.24 19:34:13.864,2.0496,2.04965,2.20,1.00
2008.06.24 19:34:13.930,2.04945,2.04965,1.20,1.00
2008.06.24 19:34:15.114,2.0494,2.04965,2.20,1.00
2008.06.24 19:34:15.877,2.0495,2.04965,2.20,1.00
2008.06.24 19:34:17.163,2.04965,2.0499,1.20,3.80
2008.06.24 19:34:17.340,2.0498,2.0499,2.20,3.00
2008.06.24 19:34:17.411,2.0498,2.0499,2.20,2.80
2008.06.24 19:34:17.720,2.0498,2.05,2.20,1.00
2008.06.24 19:34:21.929,2.04965,2.05,1.20,1.00
2008.06.24 19:34:22.752,2.0499,2.05005,1.00,2.80
2008.06.24 19:34:23.040,2.0499,2.0502,2.20,2.80
2008.06.24 19:34:23.289,2.0498,2.0502,2.20,3.80
2008.06.24 19:34:23.538,2.0498,2.0501,2.20,2.80
2008.06.24 19:34:23.792,2.0498,2.0501,2.20,2.80
2008.06.24 19:34:24.497,2.0498,2.05015,2.20,2.80
2008.06.24 19:34:24.682,2.0498,2.0502,2.20,1.00
2008.06.24 19:34:24.812,2.0501,2.05015,2.20,1.00
2008.06.24 19:34:25.033,2.0501,2.05015,2.20,2.80
2008.06.24 19:34:25.254,2.0501,2.05025,2.20,1.00
2008.06.24 19:34:27.927,2.05,2.05025,2.20,1.00
2008.06.24 19:34:30.558,2.0498,2.0502,6.60,1.00
2008.06.24 19:34:30.727,2.0501,2.0502,2.20,1.00
2008.06.24 19:34:31.788,2.0501,2.05025,2.20,1.00
2008.06.24 19:34:38.427,2.05,2.05025,6.60,1.00
2008.06.24 19:34:38.763,2.05,2.05025,5.10,1.00
2008.06.24 19:34:38.930,2.05,2.05025,2.20,1.00
2008.06.24 19:34:41.881,2.04985,2.05025,4.20,1.00
2008.06.24 19:34:41.996,2.04985,2.05025,2.80,1.00
2008.06.24 19:34:42.141,2.0498,2.05025,5.10,1.00
2008.06.24 19:34:42.212,2.05,2.05025,2.20,1.00
2008.06.24 19:34:42.411,2.04985,2.05025,1.20,1.00
2008.06.24 19:34:42.455,2.0498,2.05025,2.80,1.00
2008.06.24 19:34:42.543,2.0498,2.05025,2.20,1.00
2008.06.24 19:34:48.472,2.0498,2.0502,2.20,1.00
2008.06.24 19:34:48.588,2.0498,2.0502,5.10,1.00
2008.06.24 19:34:48.896,2.0498,2.0502,2.20,2.80
2008.06.24 19:34:49.299,2.0498,2.05015,2.20,1.00
2008.06.24 19:34:50.167,2.0498,2.0502,2.20,2.80
2008.06.24 19:34:57.466,2.0497,2.0502,2.80,2.80
2008.06.24 19:34:57.699,2.04965,2.0502,5.50,2.80
2008.06.24 19:34:57.740,2.04985,2.0502,1.20,2.80
2008.06.24 19:34:57.774,2.05,2.0502,2.20,2.80
2008.06.24 19:34:57.994,2.05,2.0502,2.20,2.80
2008.06.24 19:34:58.258,2.05,2.05025,2.20,1.00
2008.06.24 19:35:00.882,2.0499,2.05025,2.20,1.00
2008.06.24 19:35:02.040,2.05,2.05025,2.20,1.00
2008.06.24 19:35:12.123,2.0499,2.05025,4.20,1.00
2008.06.24 19:35:16.552,2.0499,2.05025,1.30,1.00
2008.06.24 19:35:16.644,2.0498,2.05025,5.10,1.00
2008.06.24 19:35:16.880,2.0498,2.05025,2.20,1.00
2008.06.24 19:35:16.991,2.0498,2.05025,2.20,1.00
2008.06.24 19:35:17.110,2.0498,2.05025,2.20,3.30
2008.06.24 19:35:17.353,2.0498,2.0502,2.20,1.00
2008.06.24 19:35:17.573,2.0498,2.0502,2.20,2.80
2008.06.24 19:35:18.281,2.04965,2.0502,4.20,2.80
2008.06.24 19:35:18.585,2.04965,2.05015,4.20,1.00
2008.06.24 19:35:18.674,2.0497,2.05015,1.20,2.80
2008.06.24 19:35:18.769,2.0497,2.05015,3.60,2.80
2008.06.24 19:35:19.019,2.0497,2.05015,4.90,2.80
2008.06.24 19:35:19.113,2.0497,2.05025,7.80,3.30
2008.06.24 19:35:21.087,2.0497,2.0502,6.40,1.00
2008.06.24 19:35:21.133,2.0497,2.0502,3.60,2.80
2008.06.24 19:35:21.930,2.0497,2.0502,2.20,2.80
2008.06.24 19:35:22.021,2.04965,2.0502,4.20,2.80
2008.06.24 19:35:22.562,2.0497,2.0502,4.20,2.80
2008.06.24 19:35:22.750,2.0497,2.0502,4.20,2.80
2008.06.24 19:35:22.874,2.0497,2.05025,4.20,3.30
2008.06.24 19:35:28.880,2.0497,2.05025,5.50,3.30
2008.06.24 19:35:29.004,2.0497,2.05025,7.80,3.30
2008.06.24 19:35:29.128,2.04975,2.05025,2.80,1.00
2008.06.24 19:35:29.565,2.04975,2.05025,4.20,1.00
2008.06.24 19:35:29.628,2.0498,2.05025,2.80,1.00
2008.06.24 19:35:29.730,2.0498,2.05025,4.20,1.00
2008.06.24 19:35:30.046,2.04985,2.05025,1.30,1.00
2008.06.24 19:35:34.159,2.0498,2.05025,2.80,1.00
2008.06.24 19:35:34.364,2.0497,2.05025,4.20,3.30
2008.06.24 19:35:36.543,2.0497,2.0502,4.20,1.00
2008.06.24 19:35:36.797,2.0497,2.0502,2.80,1.00
2008.06.24 19:35:36.940,2.0497,2.0502,2.80,2.80
2008.06.24 19:35:37.083,2.04965,2.0502,5.50,2.80
2008.06.24 19:35:38.405,2.0499,2.0502,2.20,2.80
2008.06.24 19:35:38.697,2.0499,2.0502,3.60,2.80
2008.06.24 19:35:38.735,2.0499,2.05025,3.60,1.00
2008.06.24 19:35:40.044,2.05,2.05025,1.20,1.00
2008.06.24 19:35:40.238,2.0501,2.05025,2.20,1.00
2008.06.24 19:35:43.208,2.0499,2.05025,8.40,1.00
2008.06.24 19:35:43.267,2.0499,2.05025,7.80,1.00
2008.06.24 19:35:48.732,2.0499,2.05025,6.40,1.00
2008.06.24 19:35:48.859,2.0499,2.05025,4.00,1.00
2008.06.24 19:35:48.934,2.0499,2.05025,2.80,1.00
2008.06.24 19:35:49.207,2.0499,2.05025,6.40,1.00
2008.06.24 19:35:49.238,2.0499,2.05025,3.60,1.00
2008.06.24 19:35:49.627,2.0498,2.05025,4.20,1.00
2008.06.24 19:35:49.895,2.0498,2.05025,2.80,1.00
2008.06.24 19:35:50.182,2.04975,2.05025,4.20,1.00
2008.06.24 19:35:50.448,2.0497,2.05025,4.20,3.30
2008.06.24 19:35:53.273,2.0498,2.05025,1.20,3.30
2008.06.24 19:35:53.371,2.0499,2.05025,2.20,3.30
2008.06.24 19:35:53.461,2.0499,2.05025,2.20,1.00
2008.06.24 19:35:56.173,2.0499,2.05025,3.60,1.00
2008.06.24 19:36:01.848,2.0499,2.05025,4.90,1.00
2008.06.24 19:36:02.096,2.0499,2.05025,7.80,1.00
2008.06.24 19:36:02.913,2.0501,2.05025,2.20,1.00
2008.06.24 19:36:08.525,2.04995,2.05025,2.80,1.00
2008.06.24 19:36:08.878,2.0499,2.05025,2.20,1.00
2008.06.24 19:36:18.014,2.0501,2.05015,2.20,1.30
2008.06.24 19:36:21.844,2.0501,2.05015,2.20,1.00
2008.06.24 19:36:28.062,2.05,2.05015,2.20,1.00
2008.06.24 19:36:33.007,2.0501,2.05015,2.20,1.00
2008.06.24 19:36:33.731,2.0499,2.05015,8.40,1.00
2008.06.24 19:36:33.759,2.0499,2.05015,6.60,1.00
2008.06.24 19:36:33.841,2.0499,2.05015,3.70,1.00
2008.06.24 19:36:34.561,2.0499,2.05015,2.20,1.00
2008.06.24 19:37:05.250,2.0501,2.05015,2.20,1.00
2008.06.24 19:37:10.496,2.0499,2.05015,2.20,1.00
2008.06.24 19:37:14.715,2.0501,2.05015,2.20,1.00
2008.06.24 19:37:20.214,2.05,2.05015,2.20,1.00
2008.06.24 19:37:21.555,2.0501,2.05015,2.20,1.00
2008.06.24 19:37:28.325,2.05,2.05015,2.20,1.00
2008.06.24 19:37:31.990,2.0499,2.05015,2.20,1.00
2008.06.24 19:37:33.268,2.05,2.05015,2.20,1.00
2008.06.24 19:37:33.613,2.0499,2.05015,6.60,1.00
2008.06.24 19:37:33.710,2.0499,2.05015,5.10,1.00
2008.06.24 19:37:33.858,2.0499,2.05015,2.20,1.00
2008.06.24 19:37:37.121,2.05,2.05015,2.20,1.00
2008.06.24 19:38:06.684,2.0499,2.05015,1.20,1.00
2008.06.24 19:38:07.005,2.04985,2.05015,2.80,1.00
2008.06.24 19:38:07.146,2.0498,2.05015,3.60,1.00
2008.06.24 19:38:07.987,2.0498,2.05015,4.00,1.00
2008.06.24 19:38:08.185,2.0498,2.05015,3.60,1.00
2008.06.24 19:38:08.926,2.05,2.05015,2.20,1.00
2008.06.24 19:38:14.274,2.0501,2.05015,2.20,1.00
2008.06.24 19:38:18.515,2.05,2.05015,2.20,1.00
2008.06.24 19:38:18.736,2.0499,2.05015,2.20,1.00
2008.06.24 19:38:19.712,2.05,2.05015,2.20,1.00
2008.06.24 19:38:33.930,2.0499,2.05015,2.20,1.00
2008.06.24 19:38:34.736,2.0499,2.05,2.20,1.00
2008.06.24 19:38:34.799,2.04975,2.05,2.80,1.00
2008.06.24 19:38:35.026,2.0496,2.05,2.20,2.80
2008.06.24 19:38:37.227,2.04945,2.04995,4.20,1.00
2008.06.24 19:38:37.427,2.0495,2.04995,1.00,1.00
2008.06.24 19:38:37.471,2.0496,2.04995,3.60,1.00
2008.06.24 19:38:37.517,2.0496,2.04995,3.60,2.80
2008.06.24 19:38:37.760,2.0496,2.04995,2.20,2.80
2008.06.24 19:38:37.826,2.0496,2.05005,2.20,2.80
2008.06.24 19:38:37.936,2.0495,2.05005,6.10,2.80
2008.06.24 19:38:37.975,2.0495,2.05,4.20,1.00
2008.06.24 19:38:38.134,2.0495,2.05,4.20,2.80
2008.06.24 19:38:39.001,2.0495,2.04985,2.80,1.00
2008.06.24 19:38:39.266,2.0494,2.04985,2.20,2.80
2008.06.24 19:38:40.215,2.0493,2.04985,4.20,2.80
2008.06.24 19:38:41.601,2.0493,2.04965,2.80,1.00
2008.06.24 19:38:41.732,2.0492,2.04965,2.80,2.80
2008.06.24 19:38:41.901,2.0492,2.04965,2.20,2.80
2008.06.24 19:38:42.048,2.0492,2.04965,2.20,2.80
2008.06.24 19:38:42.190,2.0492,2.0497,2.20,2.80
2008.06.24 19:38:42.337,2.0492,2.0497,1.30,2.80
2008.06.24 19:38:42.753,2.0492,2.04975,4.20,2.80
2008.06.24 19:38:43.059,2.0492,2.0497,1.30,2.80
2008.06.24 19:38:43.330,2.04915,2.0497,4.20,2.80
2008.06.24 19:38:45.403,2.04915,2.0497,5.50,2.80
2008.06.24 19:38:45.482,2.0492,2.0497,2.20,2.80
2008.06.24 19:38:45.807,2.0494,2.0497,2.20,2.80
2008.06.24 19:38:45.926,2.0494,2.0498,2.20,2.80
2008.06.24 19:38:46.108,2.0494,2.04985,2.20,2.80
2008.06.24 19:38:46.702,2.0494,2.0498,2.20,1.00
2008.06.24 19:38:46.872,2.0494,2.0498,2.20,2.80
2008.06.24 19:38:47.642,2.04925,2.0498,5.50,2.80
2008.06.24 19:38:47.734,2.04925,2.0498,4.20,2.80
2008.06.24 19:38:47.773,2.04925,2.0497,2.80,1.00
2008.06.24 19:38:48.138,2.0492,2.0497,2.20,2.80
2008.06.24 19:38:48.178,2.04915,2.0497,4.20,2.80
2008.06.24 19:38:58.328,2.0492,2.0497,1.30,2.80
2008.06.24 19:38:58.362,2.04915,2.0496,2.80,1.00
2008.06.24 19:38:58.606,2.04915,2.04965,2.80,1.00
2008.06.24 19:38:58.652,2.0491,2.0496,1.30,2.80
2008.06.24 19:38:58.764,2.0491,2.0496,1.30,2.80
2008.06.24 19:38:59.430,2.0491,2.0496,1.30,2.80
2008.06.24 19:38:59.659,2.0491,2.04965,4.20,2.80
2008.06.24 19:39:00.432,2.0491,2.0496,2.80,1.00
2008.06.24 19:39:00.666,2.04905,2.0496,4.20,2.80
2008.06.24 19:39:01.455,2.04905,2.0495,4.20,1.00
2008.06.24 19:39:01.777,2.04905,2.0495,2.80,1.00
2008.06.24 19:39:02.137,2.04905,2.0495,2.80,3.70
